timestamp,buyer,seller,symbol,currency,price,quantity,,,,Does Cross?
0,,,AMETHYSTS,SEASHELLS,9996,1,,,,FALSE
0,,,AMETHYSTS,SEASHELLS,9996,1,Sum,24440094,,TRUE
1500,,,AMETHYSTS,SEASHELLS,10004,1,Count,2444,,TRUE
2500,,,AMETHYSTS,SEASHELLS,9998,1,Average,10000.03846,,FALSE
3200,,,AMETHYSTS,SEASHELLS,9996,1,Median,10000,,FALSE
3300,,,AMETHYSTS,SEASHELLS,9995,2,Min,9995,,TRUE
3600,,,AMETHYSTS,SEASHELLS,10005,6,Max,10005,,TRUE
4000,,,AMETHYSTS,SEASHELLS,9998,1,,,,TRUE
4200,,,AMETHYSTS,SEASHELLS,10004,2,Cross Count,0,,FALSE
4200,,,AMETHYSTS,SEASHELLS,10004,1,,,,TRUE
6700,,,AMETHYSTS,SEASHELLS,9998,2,,46.27659574,%,TRUE
7400,,,AMETHYSTS,SEASHELLS,10002,1,,,,FALSE
7500,,,AMETHYSTS,SEASHELLS,10002,1,,,,FALSE
8600,,,AMETHYSTS,SEASHELLS,10002,1,,,,FALSE
8700,,,AMETHYSTS,SEASHELLS,10002,2,,,,FALSE
8800,,,AMETHYSTS,SEASHELLS,10002,1,,,,TRUE
9600,,,AMETHYSTS,SEASHELLS,10000,3,,,,TRUE
10100,,,AMETHYSTS,SEASHELLS,9998,1,,,,FALSE
10200,,,AMETHYSTS,SEASHELLS,9996,1,,,,TRUE
11100,,,AMETHYSTS,SEASHELLS,10005,2,,,,TRUE
13000,,,AMETHYSTS,SEASHELLS,9998,1,,,,FALSE
13600,,,AMETHYSTS,SEASHELLS,9998,1,,,,FALSE
13900,,,AMETHYSTS,SEASHELLS,9996,1,,,,FALSE
13900,,,AMETHYSTS,SEASHELLS,9996,1,,,,TRUE
14000,,,AMETHYSTS,SEASHELLS,10005,7,,,,FALSE
15100,,,AMETHYSTS,SEASHELLS,10005,4,,,,FALSE
15400,,,AMETHYSTS,SEASHELLS,10002,5,,,,FALSE
17300,,,AMETHYSTS,SEASHELLS,10002,1,,,,TRUE
18200,,,AMETHYSTS,SEASHELLS,9998,1,,,,TRUE
18300,,,AMETHYSTS,SEASHELLS,10005,2,,,,TRUE
18300,,,AMETHYSTS,SEASHELLS,9998,1,,,,TRUE
18500,,,AMETHYSTS,SEASHELLS,10005,5,,,,FALSE
19500,,,AMETHYSTS,SEASHELLS,10002,1,,,,FALSE
19600,,,AMETHYSTS,SEASHELLS,10002,1,,,,FALSE
19900,,,AMETHYSTS,SEASHELLS,10002,1,,,,FALSE
20200,,,AMETHYSTS,SEASHELLS,10002,1,,,,TRUE
20600,,,AMETHYSTS,SEASHELLS,9998,1,,,,FALSE
20600,,,AMETHYSTS,SEASHELLS,9995,9,,,,FALSE
20900,,,AMETHYSTS,SEASHELLS,9998,1,,,,TRUE
21300,,,AMETHYSTS,SEASHELLS,10002,1,,,,TRUE
22700,,,AMETHYSTS,SEASHELLS,9998,1,,,,FALSE
23000,,,AMETHYSTS,SEASHELLS,9998,4,,,,FALSE
23300,,,AMETHYSTS,SEASHELLS,9998,2,,,,FALSE
23900,,,AMETHYSTS,SEASHELLS,9998,3,,,,FALSE
23900,,,AMETHYSTS,SEASHELLS,9995,8,,,,TRUE
24300,,,AMETHYSTS,SEASHELLS,10002,1,,,,TRUE
24600,,,AMETHYSTS,SEASHELLS,9996,2,,,,FALSE
24600,,,AMETHYSTS,SEASHELLS,9996,2,,,,TRUE
25100,,,AMETHYSTS,SEASHELLS,10002,1,,,,FALSE
25600,,,AMETHYSTS,SEASHELLS,10004,2,,,,FALSE
25700,,,AMETHYSTS,SEASHELLS,10002,3,,,,FALSE
25700,,,AMETHYSTS,SEASHELLS,10002,8,,,,FALSE
26400,,,AMETHYSTS,SEASHELLS,10005,9,,,,FALSE
27000,,,AMETHYSTS,SEASHELLS,10002,1,,,,TRUE
27700,,,AMETHYSTS,SEASHELLS,9998,3,,,,FALSE
27700,,,AMETHYSTS,SEASHELLS,9998,1,,,,TRUE
27900,,,AMETHYSTS,SEASHELLS,10002,4,,,,FALSE
28000,,,AMETHYSTS,SEASHELLS,10005,1,,,,TRUE
28300,,,AMETHYSTS,SEASHELLS,9998,2,,,,FALSE
28300,,,AMETHYSTS,SEASHELLS,9998,1,,,,FALSE
28600,,,AMETHYSTS,SEASHELLS,9998,1,,,,TRUE
29400,,,AMETHYSTS,SEASHELLS,10005,2,,,,TRUE
29500,,,AMETHYSTS,SEASHELLS,9998,3,,,,FALSE
29500,,,AMETHYSTS,SEASHELLS,9998,2,,,,TRUE
30400,,,AMETHYSTS,SEASHELLS,10004,1,,,,FALSE
30400,,,AMETHYSTS,SEASHELLS,10004,6,,,,TRUE
31000,,,AMETHYSTS,SEASHELLS,9996,1,,,,FALSE
31300,,,AMETHYSTS,SEASHELLS,9998,1,,,,TRUE
31600,,,AMETHYSTS,SEASHELLS,10002,3,,,,FALSE
31800,,,AMETHYSTS,SEASHELLS,10002,1,,,,FALSE
32100,,,AMETHYSTS,SEASHELLS,10002,4,,,,FALSE
32500,,,AMETHYSTS,SEASHELLS,10002,1,,,,TRUE
32800,,,AMETHYSTS,SEASHELLS,9995,2,,,,FALSE
32800,,,AMETHYSTS,SEASHELLS,9996,2,,,,TRUE
33500,,,AMETHYSTS,SEASHELLS,10002,3,,,,TRUE
34000,,,AMETHYSTS,SEASHELLS,9998,1,,,,TRUE
34100,,,AMETHYSTS,SEASHELLS,10002,1,,,,FALSE
35600,,,AMETHYSTS,SEASHELLS,10002,1,,,,FALSE
36300,,,AMETHYSTS,SEASHELLS,10005,1,,,,FALSE
36500,,,AMETHYSTS,SEASHELLS,10005,4,,,,FALSE
37400,,,AMETHYSTS,SEASHELLS,10002,1,,,,TRUE
37900,,,AMETHYSTS,SEASHELLS,9995,4,,,,TRUE
38400,,,AMETHYSTS,SEASHELLS,10004,2,,,,FALSE
38500,,,AMETHYSTS,SEASHELLS,10002,6,,,,TRUE
38900,,,AMETHYSTS,SEASHELLS,9995,2,,,,TRUE
39100,,,AMETHYSTS,SEASHELLS,10002,5,,,,TRUE
39300,,,AMETHYSTS,SEASHELLS,9996,1,,,,TRUE
41500,,,AMETHYSTS,SEASHELLS,10002,1,,,,TRUE
41500,,,AMETHYSTS,SEASHELLS,10000,2,,,,TRUE
41600,,,AMETHYSTS,SEASHELLS,9995,1,,,,TRUE
42900,,,AMETHYSTS,SEASHELLS,10002,1,,,,FALSE
43100,,,AMETHYSTS,SEASHELLS,10005,2,,,,FALSE
43400,,,AMETHYSTS,SEASHELLS,10002,1,,,,TRUE
43700,,,AMETHYSTS,SEASHELLS,9998,1,,,,TRUE
43900,,,AMETHYSTS,SEASHELLS,10004,2,,,,TRUE
44000,,,AMETHYSTS,SEASHELLS,9998,1,,,,FALSE
44800,,,AMETHYSTS,SEASHELLS,9996,1,,,,FALSE
45100,,,AMETHYSTS,SEASHELLS,9996,1,,,,FALSE
45800,,,AMETHYSTS,SEASHELLS,9996,1,,,,FALSE
45800,,,AMETHYSTS,SEASHELLS,9996,10,,,,FALSE
46200,,,AMETHYSTS,SEASHELLS,9998,1,,,,FALSE
46300,,,AMETHYSTS,SEASHELLS,9995,1,,,,FALSE
46800,,,AMETHYSTS,SEASHELLS,9996,1,,,,FALSE
48300,,,AMETHYSTS,SEASHELLS,9995,1,,,,TRUE
48600,,,AMETHYSTS,SEASHELLS,10004,1,,,,FALSE
49300,,,AMETHYSTS,SEASHELLS,10005,1,,,,TRUE
49700,,,AMETHYSTS,SEASHELLS,9995,2,,,,FALSE
50200,,,AMETHYSTS,SEASHELLS,9996,1,,,,FALSE
50400,,,AMETHYSTS,SEASHELLS,9996,2,,,,FALSE
50900,,,AMETHYSTS,SEASHELLS,9996,2,,,,FALSE
51000,,,AMETHYSTS,SEASHELLS,9998,1,,,,TRUE
51600,,,AMETHYSTS,SEASHELLS,10002,1,,,,FALSE
51900,,,AMETHYSTS,SEASHELLS,10002,2,,,,TRUE
52000,,,AMETHYSTS,SEASHELLS,9998,2,,,,TRUE
52700,,,AMETHYSTS,SEASHELLS,10002,3,,,,TRUE
53000,,,AMETHYSTS,SEASHELLS,9998,1,,,,TRUE
53200,,,AMETHYSTS,SEASHELLS,10002,1,,,,TRUE
53300,,,AMETHYSTS,SEASHELLS,9998,2,,,,FALSE
53600,,,AMETHYSTS,SEASHELLS,9998,1,,,,TRUE
53700,,,AMETHYSTS,SEASHELLS,10004,2,,,,FALSE
53900,,,AMETHYSTS,SEASHELLS,10002,1,,,,TRUE
54300,,,AMETHYSTS,SEASHELLS,9998,1,,,,FALSE
54600,,,AMETHYSTS,SEASHELLS,9996,1,,,,FALSE
54600,,,AMETHYSTS,SEASHELLS,9996,5,,,,TRUE
54900,,,AMETHYSTS,SEASHELLS,10002,3,,,,FALSE
56100,,,AMETHYSTS,SEASHELLS,10004,1,,,,TRUE
56500,,,AMETHYSTS,SEASHELLS,9998,1,,,,TRUE
56700,,,AMETHYSTS,SEASHELLS,10002,1,,,,FALSE
57000,,,AMETHYSTS,SEASHELLS,10004,1,,,,FALSE
57100,,,AMETHYSTS,SEASHELLS,10002,1,,,,FALSE
57200,,,AMETHYSTS,SEASHELLS,10002,1,,,,FALSE
57300,,,AMETHYSTS,SEASHELLS,10002,1,,,,FALSE
57700,,,AMETHYSTS,SEASHELLS,10002,2,,,,TRUE
58400,,,AMETHYSTS,SEASHELLS,9996,1,,,,FALSE
58600,,,AMETHYSTS,SEASHELLS,9998,1,,,,TRUE
59500,,,AMETHYSTS,SEASHELLS,10005,4,,,,FALSE
59700,,,AMETHYSTS,SEASHELLS,10002,6,,,,TRUE
60200,,,AMETHYSTS,SEASHELLS,9996,1,,,,FALSE
60200,,,AMETHYSTS,SEASHELLS,9996,1,,,,FALSE
60300,,,AMETHYSTS,SEASHELLS,9996,6,,,,FALSE
60300,,,AMETHYSTS,SEASHELLS,9996,2,,,,FALSE
60400,,,AMETHYSTS,SEASHELLS,9998,1,,,,FALSE
60500,,,AMETHYSTS,SEASHELLS,9998,1,,,,TRUE
61100,,,AMETHYSTS,SEASHELLS,10002,1,,,,FALSE
61100,,,AMETHYSTS,SEASHELLS,10005,2,,,,FALSE
62300,,,AMETHYSTS,SEASHELLS,10004,1,,,,TRUE
63200,,,AMETHYSTS,SEASHELLS,9998,1,,,,FALSE
63300,,,AMETHYSTS,SEASHELLS,9998,1,,,,FALSE
63500,,,AMETHYSTS,SEASHELLS,9998,6,,,,FALSE
63700,,,AMETHYSTS,SEASHELLS,9996,1,,,,FALSE
64200,,,AMETHYSTS,SEASHELLS,9995,2,,,,TRUE
64500,,,AMETHYSTS,SEASHELLS,10005,2,,,,FALSE
64500,,,AMETHYSTS,SEASHELLS,10002,1,,,,FALSE
64900,,,AMETHYSTS,SEASHELLS,10005,2,,,,TRUE
65300,,,AMETHYSTS,SEASHELLS,9998,1,,,,TRUE
65300,,,AMETHYSTS,SEASHELLS,10000,2,,,,TRUE
65500,,,AMETHYSTS,SEASHELLS,9998,1,,,,FALSE
65600,,,AMETHYSTS,SEASHELLS,9995,1,,,,FALSE
65800,,,AMETHYSTS,SEASHELLS,9996,1,,,,FALSE
65900,,,AMETHYSTS,SEASHELLS,9998,1,,,,FALSE
66000,,,AMETHYSTS,SEASHELLS,9998,1,,,,FALSE
66700,,,AMETHYSTS,SEASHELLS,9998,2,,,,FALSE
67400,,,AMETHYSTS,SEASHELLS,9996,1,,,,FALSE
67900,,,AMETHYSTS,SEASHELLS,9998,2,,,,TRUE
68000,,,AMETHYSTS,SEASHELLS,10002,5,,,,FALSE
68000,,,AMETHYSTS,SEASHELLS,10005,3,,,,FALSE
68100,,,AMETHYSTS,SEASHELLS,10002,1,,,,FALSE
68500,,,AMETHYSTS,SEASHELLS,10002,1,,,,FALSE
68900,,,AMETHYSTS,SEASHELLS,10002,1,,,,FALSE
69300,,,AMETHYSTS,SEASHELLS,10005,2,,,,TRUE
71600,,,AMETHYSTS,SEASHELLS,9995,10,,,,TRUE
74100,,,AMETHYSTS,SEASHELLS,10002,1,,,,FALSE
74400,,,AMETHYSTS,SEASHELLS,10004,1,,,,FALSE
74900,,,AMETHYSTS,SEASHELLS,10002,1,,,,TRUE
75200,,,AMETHYSTS,SEASHELLS,9996,1,,,,TRUE
76400,,,AMETHYSTS,SEASHELLS,10002,1,,,,TRUE
77700,,,AMETHYSTS,SEASHELLS,9998,5,,,,TRUE
78000,,,AMETHYSTS,SEASHELLS,10002,2,,,,TRUE
78300,,,AMETHYSTS,SEASHELLS,9995,2,,,,TRUE
79000,,,AMETHYSTS,SEASHELLS,10005,2,,,,FALSE
79000,,,AMETHYSTS,SEASHELLS,10004,1,,,,FALSE
79500,,,AMETHYSTS,SEASHELLS,10002,1,,,,FALSE
80300,,,AMETHYSTS,SEASHELLS,10002,1,,,,FALSE
80800,,,AMETHYSTS,SEASHELLS,10002,1,,,,TRUE
81300,,,AMETHYSTS,SEASHELLS,9998,1,,,,TRUE
81700,,,AMETHYSTS,SEASHELLS,10002,1,,,,TRUE
81800,,,AMETHYSTS,SEASHELLS,9998,1,,,,TRUE
82300,,,AMETHYSTS,SEASHELLS,10004,1,,,,TRUE
83200,,,AMETHYSTS,SEASHELLS,9996,1,,,,FALSE
83200,,,AMETHYSTS,SEASHELLS,9996,1,,,,TRUE
83700,,,AMETHYSTS,SEASHELLS,10004,1,,,,FALSE
84600,,,AMETHYSTS,SEASHELLS,10004,2,,,,TRUE
85000,,,AMETHYSTS,SEASHELLS,9998,5,,,,FALSE
85700,,,AMETHYSTS,SEASHELLS,9995,2,,,,TRUE
85700,,,AMETHYSTS,SEASHELLS,10005,4,,,,TRUE
85900,,,AMETHYSTS,SEASHELLS,9998,2,,,,TRUE
86000,,,AMETHYSTS,SEASHELLS,10002,1,,,,TRUE
86300,,,AMETHYSTS,SEASHELLS,9998,1,,,,TRUE
86500,,,AMETHYSTS,SEASHELLS,10002,1,,,,FALSE
87900,,,AMETHYSTS,SEASHELLS,10002,4,,,,FALSE
88300,,,AMETHYSTS,SEASHELLS,10004,2,,,,FALSE
88500,,,AMETHYSTS,SEASHELLS,10002,5,,,,TRUE
88600,,,AMETHYSTS,SEASHELLS,9998,1,,,,TRUE
90100,,,AMETHYSTS,SEASHELLS,10004,1,,,,FALSE
90700,,,AMETHYSTS,SEASHELLS,10002,6,,,,TRUE
91000,,,AMETHYSTS,SEASHELLS,9998,1,,,,TRUE
91400,,,AMETHYSTS,SEASHELLS,10002,1,,,,FALSE
91900,,,AMETHYSTS,SEASHELLS,10002,1,,,,TRUE
92300,,,AMETHYSTS,SEASHELLS,9996,1,,,,TRUE
93000,,,AMETHYSTS,SEASHELLS,10002,1,,,,TRUE
93100,,,AMETHYSTS,SEASHELLS,9998,1,,,,FALSE
93300,,,AMETHYSTS,SEASHELLS,9998,1,,,,FALSE
93500,,,AMETHYSTS,SEASHELLS,9998,1,,,,TRUE
93700,,,AMETHYSTS,SEASHELLS,10002,1,,,,TRUE
93900,,,AMETHYSTS,SEASHELLS,9998,1,,,,FALSE
94700,,,AMETHYSTS,SEASHELLS,9996,9,,,,FALSE
94700,,,AMETHYSTS,SEASHELLS,9996,2,,,,TRUE
94800,,,AMETHYSTS,SEASHELLS,10002,4,,,,TRUE
95100,,,AMETHYSTS,SEASHELLS,9996,2,,,,TRUE
95300,,,AMETHYSTS,SEASHELLS,10002,1,,,,FALSE
95900,,,AMETHYSTS,SEASHELLS,10002,3,,,,FALSE
95900,,,AMETHYSTS,SEASHELLS,10002,5,,,,TRUE
96100,,,AMETHYSTS,SEASHELLS,9995,1,,,,TRUE
96400,,,AMETHYSTS,SEASHELLS,10002,3,,,,FALSE
96900,,,AMETHYSTS,SEASHELLS,10005,3,,,,FALSE
97200,,,AMETHYSTS,SEASHELLS,10005,12,,,,FALSE
97300,,,AMETHYSTS,SEASHELLS,10004,1,,,,TRUE
97400,,,AMETHYSTS,SEASHELLS,9998,1,,,,FALSE
97600,,,AMETHYSTS,SEASHELLS,9998,1,,,,TRUE
97900,,,AMETHYSTS,SEASHELLS,10002,4,,,,FALSE
98100,,,AMETHYSTS,SEASHELLS,10002,1,,,,TRUE
98300,,,AMETHYSTS,SEASHELLS,9998,1,,,,FALSE
98800,,,AMETHYSTS,SEASHELLS,9996,1,,,,FALSE
99000,,,AMETHYSTS,SEASHELLS,9998,1,,,,FALSE
100100,,,AMETHYSTS,SEASHELLS,9998,1,,,,FALSE
100500,,,AMETHYSTS,SEASHELLS,9998,1,,,,TRUE
102200,,,AMETHYSTS,SEASHELLS,10004,2,,,,FALSE
102300,,,AMETHYSTS,SEASHELLS,10002,1,,,,FALSE
102300,,,AMETHYSTS,SEASHELLS,10002,3,,,,FALSE
102500,,,AMETHYSTS,SEASHELLS,10002,1,,,,TRUE
102900,,,AMETHYSTS,SEASHELLS,9998,1,,,,FALSE
103100,,,AMETHYSTS,SEASHELLS,9995,2,,,,FALSE
104000,,,AMETHYSTS,SEASHELLS,9998,1,,,,FALSE
104200,,,AMETHYSTS,SEASHELLS,9998,1,,,,FALSE
104200,,,AMETHYSTS,SEASHELLS,9998,2,,,,FALSE
104300,,,AMETHYSTS,SEASHELLS,9998,2,,,,FALSE
104400,,,AMETHYSTS,SEASHELLS,9998,1,,,,FALSE
104400,,,AMETHYSTS,SEASHELLS,9995,2,,,,TRUE
104700,,,AMETHYSTS,SEASHELLS,10002,1,,,,FALSE
105100,,,AMETHYSTS,SEASHELLS,10002,1,,,,FALSE
105900,,,AMETHYSTS,SEASHELLS,10002,5,,,,FALSE
106800,,,AMETHYSTS,SEASHELLS,10005,2,,,,TRUE
107200,,,AMETHYSTS,SEASHELLS,9995,4,,,,TRUE
107500,,,AMETHYSTS,SEASHELLS,10002,2,,,,FALSE
107700,,,AMETHYSTS,SEASHELLS,10004,2,,,,TRUE
108000,,,AMETHYSTS,SEASHELLS,9998,6,,,,FALSE
108000,,,AMETHYSTS,SEASHELLS,9998,5,,,,FALSE
108300,,,AMETHYSTS,SEASHELLS,9998,1,,,,TRUE
108600,,,AMETHYSTS,SEASHELLS,10002,1,,,,TRUE
108700,,,AMETHYSTS,SEASHELLS,9995,10,,,,TRUE
108900,,,AMETHYSTS,SEASHELLS,10004,1,,,,FALSE
109100,,,AMETHYSTS,SEASHELLS,10002,2,,,,FALSE
109900,,,AMETHYSTS,SEASHELLS,10005,1,,,,TRUE
111300,,,AMETHYSTS,SEASHELLS,9995,1,,,,FALSE
111600,,,AMETHYSTS,SEASHELLS,9996,2,,,,TRUE
112000,,,AMETHYSTS,SEASHELLS,10002,1,,,,FALSE
112200,,,AMETHYSTS,SEASHELLS,10002,1,,,,FALSE
112500,,,AMETHYSTS,SEASHELLS,10002,1,,,,FALSE
113400,,,AMETHYSTS,SEASHELLS,10004,1,,,,TRUE
113800,,,AMETHYSTS,SEASHELLS,9996,1,,,,TRUE
114700,,,AMETHYSTS,SEASHELLS,10005,12,,,,TRUE
114700,,,AMETHYSTS,SEASHELLS,9995,4,,,,FALSE
115600,,,AMETHYSTS,SEASHELLS,9998,1,,,,FALSE
115800,,,AMETHYSTS,SEASHELLS,9998,1,,,,FALSE
118000,,,AMETHYSTS,SEASHELLS,9995,1,,,,TRUE
119300,,,AMETHYSTS,SEASHELLS,10002,1,,,,FALSE
120200,,,AMETHYSTS,SEASHELLS,10002,1,,,,TRUE
120500,,,AMETHYSTS,SEASHELLS,9998,3,,,,TRUE
120800,,,AMETHYSTS,SEASHELLS,10000,2,,,,TRUE
120900,,,AMETHYSTS,SEASHELLS,9998,1,,,,FALSE
121800,,,AMETHYSTS,SEASHELLS,9998,2,,,,TRUE
122300,,,AMETHYSTS,SEASHELLS,10004,2,,,,FALSE
122300,,,AMETHYSTS,SEASHELLS,10004,3,,,,TRUE
123000,,,AMETHYSTS,SEASHELLS,9998,1,,,,TRUE
124400,,,AMETHYSTS,SEASHELLS,10002,1,,,,TRUE
124500,,,AMETHYSTS,SEASHELLS,9995,5,,,,FALSE
124700,,,AMETHYSTS,SEASHELLS,9998,1,,,,TRUE
124900,,,AMETHYSTS,SEASHELLS,10002,2,,,,TRUE
125100,,,AMETHYSTS,SEASHELLS,9998,1,,,,TRUE
125200,,,AMETHYSTS,SEASHELLS,10004,1,,,,FALSE
125300,,,AMETHYSTS,SEASHELLS,10005,2,,,,TRUE
125400,,,AMETHYSTS,SEASHELLS,9996,2,,,,FALSE
126400,,,AMETHYSTS,SEASHELLS,9996,3,,,,FALSE
126400,,,AMETHYSTS,SEASHELLS,9996,1,,,,FALSE
126500,,,AMETHYSTS,SEASHELLS,9998,4,,,,FALSE
127000,,,AMETHYSTS,SEASHELLS,9995,12,,,,TRUE
127200,,,AMETHYSTS,SEASHELLS,10002,2,,,,FALSE
127400,,,AMETHYSTS,SEASHELLS,10002,1,,,,FALSE
127800,,,AMETHYSTS,SEASHELLS,10004,2,,,,FALSE
127900,,,AMETHYSTS,SEASHELLS,10002,1,,,,TRUE
129200,,,AMETHYSTS,SEASHELLS,9995,2,,,,FALSE
129700,,,AMETHYSTS,SEASHELLS,9995,1,,,,TRUE
130100,,,AMETHYSTS,SEASHELLS,10002,4,,,,FALSE
130100,,,AMETHYSTS,SEASHELLS,10002,1,,,,TRUE
130300,,,AMETHYSTS,SEASHELLS,9998,3,,,,FALSE
130500,,,AMETHYSTS,SEASHELLS,9998,3,,,,FALSE
131200,,,AMETHYSTS,SEASHELLS,9998,1,,,,FALSE
131400,,,AMETHYSTS,SEASHELLS,9998,3,,,,FALSE
131600,,,AMETHYSTS,SEASHELLS,9998,1,,,,TRUE
132000,,,AMETHYSTS,SEASHELLS,10004,1,,,,TRUE
132100,,,AMETHYSTS,SEASHELLS,9998,5,,,,TRUE
132300,,,AMETHYSTS,SEASHELLS,10000,1,,,,TRUE
132700,,,AMETHYSTS,SEASHELLS,10004,9,,,,FALSE
132700,,,AMETHYSTS,SEASHELLS,10004,1,,,,FALSE
133400,,,AMETHYSTS,SEASHELLS,10004,1,,,,FALSE
133700,,,AMETHYSTS,SEASHELLS,10004,1,,,,FALSE
134700,,,AMETHYSTS,SEASHELLS,10004,1,,,,FALSE
134800,,,AMETHYSTS,SEASHELLS,10004,2,,,,FALSE
134900,,,AMETHYSTS,SEASHELLS,10002,1,,,,FALSE
136500,,,AMETHYSTS,SEASHELLS,10005,2,,,,TRUE
136800,,,AMETHYSTS,SEASHELLS,9998,2,,,,TRUE
137700,,,AMETHYSTS,SEASHELLS,10004,1,,,,TRUE
139100,,,AMETHYSTS,SEASHELLS,9998,5,,,,FALSE
139400,,,AMETHYSTS,SEASHELLS,9996,2,,,,FALSE
139400,,,AMETHYSTS,SEASHELLS,9996,1,,,,FALSE
140700,,,AMETHYSTS,SEASHELLS,9998,2,,,,FALSE
141100,,,AMETHYSTS,SEASHELLS,9998,1,,,,FALSE
142000,,,AMETHYSTS,SEASHELLS,9996,1,,,,TRUE
142400,,,AMETHYSTS,SEASHELLS,10004,1,,,,TRUE
143100,,,AMETHYSTS,SEASHELLS,9995,2,,,,FALSE
143200,,,AMETHYSTS,SEASHELLS,9995,1,,,,FALSE
143200,,,AMETHYSTS,SEASHELLS,9998,1,,,,FALSE
143800,,,AMETHYSTS,SEASHELLS,9998,1,,,,TRUE
144100,,,AMETHYSTS,SEASHELLS,10002,1,,,,FALSE
144200,,,AMETHYSTS,SEASHELLS,10004,1,,,,TRUE
144600,,,AMETHYSTS,SEASHELLS,9998,3,,,,TRUE
144900,,,AMETHYSTS,SEASHELLS,10002,1,,,,TRUE
145800,,,AMETHYSTS,SEASHELLS,9998,3,,,,TRUE
145900,,,AMETHYSTS,SEASHELLS,10004,1,,,,FALSE
146300,,,AMETHYSTS,SEASHELLS,10005,2,,,,FALSE
146700,,,AMETHYSTS,SEASHELLS,10005,5,,,,FALSE
146900,,,AMETHYSTS,SEASHELLS,10004,8,,,,FALSE
146900,,,AMETHYSTS,SEASHELLS,10004,2,,,,TRUE
147400,,,AMETHYSTS,SEASHELLS,9995,1,,,,FALSE
147800,,,AMETHYSTS,SEASHELLS,9998,1,,,,TRUE
148000,,,AMETHYSTS,SEASHELLS,10000,1,,,,TRUE
148000,,,AMETHYSTS,SEASHELLS,9998,1,,,,FALSE
148200,,,AMETHYSTS,SEASHELLS,9995,2,,,,TRUE
150100,,,AMETHYSTS,SEASHELLS,10004,1,,,,TRUE
150300,,,AMETHYSTS,SEASHELLS,9996,1,,,,TRUE
151400,,,AMETHYSTS,SEASHELLS,10002,1,,,,FALSE
152000,,,AMETHYSTS,SEASHELLS,10002,6,,,,FALSE
152100,,,AMETHYSTS,SEASHELLS,10004,2,,,,TRUE
153200,,,AMETHYSTS,SEASHELLS,9995,5,,,,TRUE
153500,,,AMETHYSTS,SEASHELLS,10002,1,,,,TRUE
153700,,,AMETHYSTS,SEASHELLS,9998,1,,,,FALSE
154100,,,AMETHYSTS,SEASHELLS,9998,2,,,,TRUE
154400,,,AMETHYSTS,SEASHELLS,10002,2,,,,FALSE
154600,,,AMETHYSTS,SEASHELLS,10002,1,,,,FALSE
155200,,,AMETHYSTS,SEASHELLS,10002,1,,,,TRUE
155600,,,AMETHYSTS,SEASHELLS,9998,1,,,,TRUE
155700,,,AMETHYSTS,SEASHELLS,10002,1,,,,FALSE
156500,,,AMETHYSTS,SEASHELLS,10002,1,,,,FALSE
156700,,,AMETHYSTS,SEASHELLS,10004,2,,,,FALSE
157400,,,AMETHYSTS,SEASHELLS,10002,1,,,,FALSE
157700,,,AMETHYSTS,SEASHELLS,10004,1,,,,FALSE
157900,,,AMETHYSTS,SEASHELLS,10005,2,,,,FALSE
158000,,,AMETHYSTS,SEASHELLS,10002,1,,,,TRUE
158200,,,AMETHYSTS,SEASHELLS,9998,8,,,,TRUE
158300,,,AMETHYSTS,SEASHELLS,10002,1,,,,TRUE
159200,,,AMETHYSTS,SEASHELLS,9998,2,,,,TRUE
159400,,,AMETHYSTS,SEASHELLS,10002,1,,,,TRUE
159900,,,AMETHYSTS,SEASHELLS,9996,2,,,,TRUE
162000,,,AMETHYSTS,SEASHELLS,10005,2,,,,FALSE
162300,,,AMETHYSTS,SEASHELLS,10002,2,,,,TRUE
162700,,,AMETHYSTS,SEASHELLS,9996,1,,,,FALSE
162800,,,AMETHYSTS,SEASHELLS,9995,2,,,,TRUE
163900,,,AMETHYSTS,SEASHELLS,10002,4,,,,FALSE
163900,,,AMETHYSTS,SEASHELLS,10002,1,,,,TRUE
164000,,,AMETHYSTS,SEASHELLS,10000,3,,,,TRUE
164600,,,AMETHYSTS,SEASHELLS,9998,1,,,,FALSE
164800,,,AMETHYSTS,SEASHELLS,9998,1,,,,TRUE
165000,,,AMETHYSTS,SEASHELLS,10002,2,,,,TRUE
165300,,,AMETHYSTS,SEASHELLS,9996,3,,,,FALSE
165300,,,AMETHYSTS,SEASHELLS,9996,1,,,,TRUE
166100,,,AMETHYSTS,SEASHELLS,10002,1,,,,FALSE
166300,,,AMETHYSTS,SEASHELLS,10002,1,,,,FALSE
166400,,,AMETHYSTS,SEASHELLS,10002,1,,,,FALSE
166700,,,AMETHYSTS,SEASHELLS,10002,1,,,,FALSE
167300,,,AMETHYSTS,SEASHELLS,10005,2,,,,FALSE
168100,,,AMETHYSTS,SEASHELLS,10002,1,,,,TRUE
168200,,,AMETHYSTS,SEASHELLS,9995,1,,,,FALSE
168900,,,AMETHYSTS,SEASHELLS,9998,5,,,,TRUE
169300,,,AMETHYSTS,SEASHELLS,10002,1,,,,FALSE
170000,,,AMETHYSTS,SEASHELLS,10002,2,,,,FALSE
170200,,,AMETHYSTS,SEASHELLS,10004,1,,,,TRUE
171400,,,AMETHYSTS,SEASHELLS,9998,1,,,,TRUE
171700,,,AMETHYSTS,SEASHELLS,10004,1,,,,FALSE
172100,,,AMETHYSTS,SEASHELLS,10002,1,,,,FALSE
172200,,,AMETHYSTS,SEASHELLS,10002,1,,,,FALSE
172300,,,AMETHYSTS,SEASHELLS,10002,1,,,,FALSE
172600,,,AMETHYSTS,SEASHELLS,10002,1,,,,FALSE
172700,,,AMETHYSTS,SEASHELLS,10004,2,,,,FALSE
173100,,,AMETHYSTS,SEASHELLS,10005,4,,,,TRUE
173700,,,AMETHYSTS,SEASHELLS,9998,1,,,,FALSE
174100,,,AMETHYSTS,SEASHELLS,9998,1,,,,TRUE
174900,,,AMETHYSTS,SEASHELLS,10002,1,,,,TRUE
175200,,,AMETHYSTS,SEASHELLS,9996,2,,,,FALSE
175200,,,AMETHYSTS,SEASHELLS,9998,1,,,,TRUE
175500,,,AMETHYSTS,SEASHELLS,10004,1,,,,FALSE
176100,,,AMETHYSTS,SEASHELLS,10002,1,,,,FALSE
176500,,,AMETHYSTS,SEASHELLS,10004,1,,,,FALSE
176900,,,AMETHYSTS,SEASHELLS,10005,9,,,,TRUE
177900,,,AMETHYSTS,SEASHELLS,9998,3,,,,TRUE
179600,,,AMETHYSTS,SEASHELLS,10002,1,,,,TRUE
180900,,,AMETHYSTS,SEASHELLS,9998,1,,,,FALSE
180900,,,AMETHYSTS,SEASHELLS,9998,2,,,,TRUE
181000,,,AMETHYSTS,SEASHELLS,10002,1,,,,TRUE
181600,,,AMETHYSTS,SEASHELLS,9996,1,,,,TRUE
181800,,,AMETHYSTS,SEASHELLS,10005,2,,,,TRUE
182300,,,AMETHYSTS,SEASHELLS,9998,3,,,,FALSE
182300,,,AMETHYSTS,SEASHELLS,9998,1,,,,TRUE
182500,,,AMETHYSTS,SEASHELLS,10002,1,,,,TRUE
182700,,,AMETHYSTS,SEASHELLS,9996,2,,,,TRUE
182900,,,AMETHYSTS,SEASHELLS,10002,1,,,,FALSE
183100,,,AMETHYSTS,SEASHELLS,10002,1,,,,FALSE
183900,,,AMETHYSTS,SEASHELLS,10002,1,,,,TRUE
184800,,,AMETHYSTS,SEASHELLS,10000,2,,,,TRUE
185000,,,AMETHYSTS,SEASHELLS,9995,1,,,,FALSE
186000,,,AMETHYSTS,SEASHELLS,9995,1,,,,FALSE
186500,,,AMETHYSTS,SEASHELLS,9996,1,,,,FALSE
186800,,,AMETHYSTS,SEASHELLS,9995,6,,,,FALSE
186800,,,AMETHYSTS,SEASHELLS,9995,1,,,,TRUE
186900,,,AMETHYSTS,SEASHELLS,10004,9,,,,FALSE
186900,,,AMETHYSTS,SEASHELLS,10002,5,,,,FALSE
186900,,,AMETHYSTS,SEASHELLS,10004,2,,,,TRUE
187300,,,AMETHYSTS,SEASHELLS,9998,2,,,,TRUE
188700,,,AMETHYSTS,SEASHELLS,10002,1,,,,FALSE
189000,,,AMETHYSTS,SEASHELLS,10002,1,,,,FALSE
189700,,,AMETHYSTS,SEASHELLS,10005,1,,,,TRUE
189900,,,AMETHYSTS,SEASHELLS,9998,1,,,,TRUE
190400,,,AMETHYSTS,SEASHELLS,10002,1,,,,FALSE
190400,,,AMETHYSTS,SEASHELLS,10002,4,,,,TRUE
191500,,,AMETHYSTS,SEASHELLS,9995,2,,,,FALSE
191600,,,AMETHYSTS,SEASHELLS,9998,3,,,,TRUE
191900,,,AMETHYSTS,SEASHELLS,10002,1,,,,FALSE
193400,,,AMETHYSTS,SEASHELLS,10002,2,,,,TRUE
193600,,,AMETHYSTS,SEASHELLS,9995,2,,,,FALSE
194600,,,AMETHYSTS,SEASHELLS,9998,2,,,,TRUE
195700,,,AMETHYSTS,SEASHELLS,10002,1,,,,TRUE
196600,,,AMETHYSTS,SEASHELLS,9998,1,,,,FALSE
196700,,,AMETHYSTS,SEASHELLS,9998,2,,,,FALSE
196800,,,AMETHYSTS,SEASHELLS,9998,4,,,,FALSE
197100,,,AMETHYSTS,SEASHELLS,9998,4,,,,TRUE
197200,,,AMETHYSTS,SEASHELLS,10002,1,,,,FALSE
197300,,,AMETHYSTS,SEASHELLS,10004,2,,,,TRUE
197400,,,AMETHYSTS,SEASHELLS,9998,4,,,,FALSE
197600,,,AMETHYSTS,SEASHELLS,9998,1,,,,FALSE
197900,,,AMETHYSTS,SEASHELLS,9998,5,,,,TRUE
198000,,,AMETHYSTS,SEASHELLS,10004,1,,,,TRUE
198700,,,AMETHYSTS,SEASHELLS,9998,5,,,,FALSE
199000,,,AMETHYSTS,SEASHELLS,9996,1,,,,TRUE
199400,,,AMETHYSTS,SEASHELLS,10002,2,,,,TRUE
200100,,,AMETHYSTS,SEASHELLS,9996,1,,,,FALSE
200300,,,AMETHYSTS,SEASHELLS,9996,1,,,,FALSE
200300,,,AMETHYSTS,SEASHELLS,9996,1,,,,TRUE
200400,,,AMETHYSTS,SEASHELLS,10004,7,,,,FALSE
200400,,,AMETHYSTS,SEASHELLS,10004,1,,,,FALSE
200500,,,AMETHYSTS,SEASHELLS,10004,2,,,,FALSE
200600,,,AMETHYSTS,SEASHELLS,10002,2,,,,FALSE
200600,,,AMETHYSTS,SEASHELLS,10002,1,,,,TRUE
201700,,,AMETHYSTS,SEASHELLS,9998,1,,,,FALSE
201700,,,AMETHYSTS,SEASHELLS,9996,2,,,,FALSE
201700,,,AMETHYSTS,SEASHELLS,9996,1,,,,FALSE
201900,,,AMETHYSTS,SEASHELLS,9998,1,,,,FALSE
202800,,,AMETHYSTS,SEASHELLS,9998,1,,,,FALSE
202900,,,AMETHYSTS,SEASHELLS,9996,1,,,,FALSE
203800,,,AMETHYSTS,SEASHELLS,9998,1,,,,FALSE
203900,,,AMETHYSTS,SEASHELLS,9998,2,,,,TRUE
204200,,,AMETHYSTS,SEASHELLS,10002,1,,,,FALSE
204400,,,AMETHYSTS,SEASHELLS,10002,1,,,,TRUE
204600,,,AMETHYSTS,SEASHELLS,10000,3,,,,TRUE
204800,,,AMETHYSTS,SEASHELLS,9998,1,,,,FALSE
204800,,,AMETHYSTS,SEASHELLS,9998,4,,,,TRUE
204800,,,AMETHYSTS,SEASHELLS,10002,6,,,,TRUE
205200,,,AMETHYSTS,SEASHELLS,9996,2,,,,TRUE
205300,,,AMETHYSTS,SEASHELLS,10004,1,,,,TRUE
205600,,,AMETHYSTS,SEASHELLS,9995,8,,,,FALSE
205900,,,AMETHYSTS,SEASHELLS,9998,1,,,,FALSE
206200,,,AMETHYSTS,SEASHELLS,9998,1,,,,FALSE
206400,,,AMETHYSTS,SEASHELLS,9995,1,,,,TRUE
207100,,,AMETHYSTS,SEASHELLS,10005,2,,,,TRUE
207800,,,AMETHYSTS,SEASHELLS,9998,4,,,,FALSE
208500,,,AMETHYSTS,SEASHELLS,9998,1,,,,FALSE
209000,,,AMETHYSTS,SEASHELLS,9998,4,,,,FALSE
209300,,,AMETHYSTS,SEASHELLS,9995,1,,,,FALSE
209900,,,AMETHYSTS,SEASHELLS,9996,2,,,,FALSE
210000,,,AMETHYSTS,SEASHELLS,9995,4,,,,FALSE
210000,,,AMETHYSTS,SEASHELLS,9998,1,,,,TRUE
210400,,,AMETHYSTS,SEASHELLS,10002,1,,,,TRUE
212700,,,AMETHYSTS,SEASHELLS,9996,2,,,,TRUE
212800,,,AMETHYSTS,SEASHELLS,10002,3,,,,TRUE
212900,,,AMETHYSTS,SEASHELLS,9998,5,,,,FALSE
213100,,,AMETHYSTS,SEASHELLS,9998,1,,,,FALSE
213100,,,AMETHYSTS,SEASHELLS,9998,3,,,,FALSE
213400,,,AMETHYSTS,SEASHELLS,9998,2,,,,TRUE
214400,,,AMETHYSTS,SEASHELLS,10004,2,,,,TRUE
214600,,,AMETHYSTS,SEASHELLS,9998,1,,,,TRUE
215100,,,AMETHYSTS,SEASHELLS,10005,2,,,,FALSE
215200,,,AMETHYSTS,SEASHELLS,10002,1,,,,FALSE
216500,,,AMETHYSTS,SEASHELLS,10002,1,,,,FALSE
217100,,,AMETHYSTS,SEASHELLS,10004,1,,,,FALSE
217500,,,AMETHYSTS,SEASHELLS,10002,1,,,,TRUE
217900,,,AMETHYSTS,SEASHELLS,9996,1,,,,FALSE
218100,,,AMETHYSTS,SEASHELLS,9998,1,,,,TRUE
218400,,,AMETHYSTS,SEASHELLS,10005,1,,,,TRUE
220100,,,AMETHYSTS,SEASHELLS,9996,1,,,,TRUE
220300,,,AMETHYSTS,SEASHELLS,10002,1,,,,TRUE
222500,,,AMETHYSTS,SEASHELLS,9998,1,,,,TRUE
222600,,,AMETHYSTS,SEASHELLS,10002,1,,,,FALSE
222900,,,AMETHYSTS,SEASHELLS,10005,8,,,,FALSE
223200,,,AMETHYSTS,SEASHELLS,10002,1,,,,FALSE
223900,,,AMETHYSTS,SEASHELLS,10002,3,,,,FALSE
224300,,,AMETHYSTS,SEASHELLS,10004,2,,,,FALSE
224500,,,AMETHYSTS,SEASHELLS,10004,1,,,,FALSE
224800,,,AMETHYSTS,SEASHELLS,10005,7,,,,TRUE
226000,,,AMETHYSTS,SEASHELLS,9995,2,,,,TRUE
226100,,,AMETHYSTS,SEASHELLS,10005,1,,,,FALSE
226300,,,AMETHYSTS,SEASHELLS,10002,1,,,,FALSE
226500,,,AMETHYSTS,SEASHELLS,10002,1,,,,TRUE
227400,,,AMETHYSTS,SEASHELLS,9998,5,,,,FALSE
227600,,,AMETHYSTS,SEASHELLS,9998,3,,,,FALSE
227600,,,AMETHYSTS,SEASHELLS,9998,1,,,,FALSE
227600,,,AMETHYSTS,SEASHELLS,9998,3,,,,TRUE
227700,,,AMETHYSTS,SEASHELLS,10004,1,,,,TRUE
227700,,,AMETHYSTS,SEASHELLS,9998,4,,,,FALSE
228300,,,AMETHYSTS,SEASHELLS,9998,4,,,,FALSE
228700,,,AMETHYSTS,SEASHELLS,9998,1,,,,TRUE
229200,,,AMETHYSTS,SEASHELLS,10005,8,,,,FALSE
229600,,,AMETHYSTS,SEASHELLS,10002,4,,,,FALSE
230000,,,AMETHYSTS,SEASHELLS,10002,1,,,,TRUE
230600,,,AMETHYSTS,SEASHELLS,9996,2,,,,FALSE
232700,,,AMETHYSTS,SEASHELLS,9998,2,,,,FALSE
233000,,,AMETHYSTS,SEASHELLS,9998,4,,,,TRUE
233100,,,AMETHYSTS,SEASHELLS,10002,1,,,,TRUE
233200,,,AMETHYSTS,SEASHELLS,9998,1,,,,TRUE
233500,,,AMETHYSTS,SEASHELLS,10002,1,,,,TRUE
234500,,,AMETHYSTS,SEASHELLS,9998,1,,,,FALSE
234800,,,AMETHYSTS,SEASHELLS,9998,1,,,,FALSE
235400,,,AMETHYSTS,SEASHELLS,9998,1,,,,TRUE
235700,,,AMETHYSTS,SEASHELLS,10002,1,,,,TRUE
236100,,,AMETHYSTS,SEASHELLS,9995,12,,,,FALSE
236100,,,AMETHYSTS,SEASHELLS,9998,1,,,,FALSE
236100,,,AMETHYSTS,SEASHELLS,9995,5,,,,FALSE
236400,,,AMETHYSTS,SEASHELLS,9998,1,,,,FALSE
236400,,,AMETHYSTS,SEASHELLS,9996,2,,,,FALSE
236500,,,AMETHYSTS,SEASHELLS,9995,2,,,,TRUE
236600,,,AMETHYSTS,SEASHELLS,10000,3,,,,TRUE
237000,,,AMETHYSTS,SEASHELLS,10005,1,,,,FALSE
237000,,,AMETHYSTS,SEASHELLS,10004,1,,,,TRUE
237100,,,AMETHYSTS,SEASHELLS,9998,1,,,,FALSE
237100,,,AMETHYSTS,SEASHELLS,9995,4,,,,TRUE
237900,,,AMETHYSTS,SEASHELLS,10004,1,,,,FALSE
238000,,,AMETHYSTS,SEASHELLS,10004,1,,,,FALSE
238700,,,AMETHYSTS,SEASHELLS,10002,1,,,,FALSE
239400,,,AMETHYSTS,SEASHELLS,10002,1,,,,TRUE
239800,,,AMETHYSTS,SEASHELLS,9998,1,,,,FALSE
240100,,,AMETHYSTS,SEASHELLS,9998,1,,,,FALSE
240700,,,AMETHYSTS,SEASHELLS,9998,1,,,,FALSE
241200,,,AMETHYSTS,SEASHELLS,9998,3,,,,FALSE
241300,,,AMETHYSTS,SEASHELLS,9998,8,,,,FALSE
241300,,,AMETHYSTS,SEASHELLS,9998,4,,,,FALSE
241400,,,AMETHYSTS,SEASHELLS,9996,1,,,,FALSE
241400,,,AMETHYSTS,SEASHELLS,9996,9,,,,TRUE
241700,,,AMETHYSTS,SEASHELLS,10002,2,,,,FALSE
241800,,,AMETHYSTS,SEASHELLS,10002,1,,,,TRUE
242200,,,AMETHYSTS,SEASHELLS,9998,1,,,,TRUE
242300,,,AMETHYSTS,SEASHELLS,10002,1,,,,FALSE
242800,,,AMETHYSTS,SEASHELLS,10005,8,,,,FALSE
243200,,,AMETHYSTS,SEASHELLS,10005,4,,,,TRUE
243300,,,AMETHYSTS,SEASHELLS,9998,3,,,,FALSE
243400,,,AMETHYSTS,SEASHELLS,9996,1,,,,FALSE
243700,,,AMETHYSTS,SEASHELLS,9996,1,,,,FALSE
244100,,,AMETHYSTS,SEASHELLS,9998,1,,,,FALSE
244400,,,AMETHYSTS,SEASHELLS,9998,1,,,,TRUE
244900,,,AMETHYSTS,SEASHELLS,10002,1,,,,FALSE
245000,,,AMETHYSTS,SEASHELLS,10002,8,,,,FALSE
246100,,,AMETHYSTS,SEASHELLS,10002,3,,,,FALSE
246200,,,AMETHYSTS,SEASHELLS,10002,3,,,,TRUE
247100,,,AMETHYSTS,SEASHELLS,9998,1,,,,FALSE
247600,,,AMETHYSTS,SEASHELLS,9998,2,,,,FALSE
247600,,,AMETHYSTS,SEASHELLS,9998,1,,,,FALSE
247600,,,AMETHYSTS,SEASHELLS,9998,4,,,,FALSE
247700,,,AMETHYSTS,SEASHELLS,9998,6,,,,FALSE
247700,,,AMETHYSTS,SEASHELLS,9996,2,,,,FALSE
247900,,,AMETHYSTS,SEASHELLS,9996,9,,,,FALSE
247900,,,AMETHYSTS,SEASHELLS,9996,1,,,,FALSE
248400,,,AMETHYSTS,SEASHELLS,9996,1,,,,FALSE
248700,,,AMETHYSTS,SEASHELLS,9998,1,,,,TRUE
249000,,,AMETHYSTS,SEASHELLS,10002,1,,,,TRUE
249300,,,AMETHYSTS,SEASHELLS,9998,1,,,,FALSE
249400,,,AMETHYSTS,SEASHELLS,9998,1,,,,TRUE
249800,,,AMETHYSTS,SEASHELLS,10002,1,,,,FALSE
249900,,,AMETHYSTS,SEASHELLS,10002,1,,,,FALSE
250500,,,AMETHYSTS,SEASHELLS,10005,2,,,,FALSE
250500,,,AMETHYSTS,SEASHELLS,10002,1,,,,TRUE
250700,,,AMETHYSTS,SEASHELLS,9998,3,,,,TRUE
251100,,,AMETHYSTS,SEASHELLS,10002,5,,,,TRUE
251700,,,AMETHYSTS,SEASHELLS,9996,2,,,,FALSE
251700,,,AMETHYSTS,SEASHELLS,9998,1,,,,FALSE
251700,,,AMETHYSTS,SEASHELLS,9996,2,,,,TRUE
252300,,,AMETHYSTS,SEASHELLS,10002,5,,,,TRUE
252800,,,AMETHYSTS,SEASHELLS,9996,2,,,,FALSE
253500,,,AMETHYSTS,SEASHELLS,9996,1,,,,TRUE
253800,,,AMETHYSTS,SEASHELLS,10002,1,,,,FALSE
254000,,,AMETHYSTS,SEASHELLS,10005,2,,,,FALSE
254700,,,AMETHYSTS,SEASHELLS,10004,1,,,,FALSE
254800,,,AMETHYSTS,SEASHELLS,10002,1,,,,TRUE
255100,,,AMETHYSTS,SEASHELLS,9996,1,,,,TRUE
257000,,,AMETHYSTS,SEASHELLS,10002,1,,,,TRUE
257600,,,AMETHYSTS,SEASHELLS,9996,1,,,,FALSE
258000,,,AMETHYSTS,SEASHELLS,9998,1,,,,FALSE
258200,,,AMETHYSTS,SEASHELLS,9995,2,,,,TRUE
258400,,,AMETHYSTS,SEASHELLS,10005,5,,,,TRUE
259300,,,AMETHYSTS,SEASHELLS,9998,1,,,,TRUE
260000,,,AMETHYSTS,SEASHELLS,10002,1,,,,TRUE
260200,,,AMETHYSTS,SEASHELLS,9995,1,,,,TRUE
260300,,,AMETHYSTS,SEASHELLS,10002,1,,,,FALSE
260600,,,AMETHYSTS,SEASHELLS,10004,1,,,,FALSE
261200,,,AMETHYSTS,SEASHELLS,10002,1,,,,FALSE
261300,,,AMETHYSTS,SEASHELLS,10002,1,,,,TRUE
261500,,,AMETHYSTS,SEASHELLS,9998,1,,,,TRUE
261600,,,AMETHYSTS,SEASHELLS,10002,1,,,,FALSE
262200,,,AMETHYSTS,SEASHELLS,10005,2,,,,FALSE
262400,,,AMETHYSTS,SEASHELLS,10002,1,,,,TRUE
262500,,,AMETHYSTS,SEASHELLS,9998,2,,,,TRUE
263800,,,AMETHYSTS,SEASHELLS,10002,1,,,,TRUE
264700,,,AMETHYSTS,SEASHELLS,9998,1,,,,FALSE
265000,,,AMETHYSTS,SEASHELLS,9998,1,,,,TRUE
265700,,,AMETHYSTS,SEASHELLS,10004,2,,,,TRUE
265900,,,AMETHYSTS,SEASHELLS,10000,1,,,,TRUE
266000,,,AMETHYSTS,SEASHELLS,9998,3,,,,TRUE
266700,,,AMETHYSTS,SEASHELLS,10002,1,,,,FALSE
266800,,,AMETHYSTS,SEASHELLS,10004,1,,,,FALSE
267000,,,AMETHYSTS,SEASHELLS,10002,5,,,,FALSE
267600,,,AMETHYSTS,SEASHELLS,10002,1,,,,FALSE
268800,,,AMETHYSTS,SEASHELLS,10004,2,,,,TRUE
269000,,,AMETHYSTS,SEASHELLS,9996,1,,,,FALSE
269000,,,AMETHYSTS,SEASHELLS,9996,1,,,,TRUE
269200,,,AMETHYSTS,SEASHELLS,10002,8,,,,TRUE
269400,,,AMETHYSTS,SEASHELLS,9995,5,,,,FALSE
269700,,,AMETHYSTS,SEASHELLS,9998,1,,,,TRUE
269800,,,AMETHYSTS,SEASHELLS,10002,1,,,,FALSE
269800,,,AMETHYSTS,SEASHELLS,10002,2,,,,TRUE
270200,,,AMETHYSTS,SEASHELLS,9998,1,,,,TRUE
270400,,,AMETHYSTS,SEASHELLS,10005,5,,,,FALSE
270900,,,AMETHYSTS,SEASHELLS,10004,2,,,,TRUE
271600,,,AMETHYSTS,SEASHELLS,9998,1,,,,TRUE
271800,,,AMETHYSTS,SEASHELLS,10004,2,,,,FALSE
272300,,,AMETHYSTS,SEASHELLS,10002,2,,,,TRUE
272700,,,AMETHYSTS,SEASHELLS,9998,1,,,,TRUE
272800,,,AMETHYSTS,SEASHELLS,10004,1,,,,FALSE
272800,,,AMETHYSTS,SEASHELLS,10005,2,,,,TRUE
273400,,,AMETHYSTS,SEASHELLS,9996,2,,,,FALSE
273400,,,AMETHYSTS,SEASHELLS,9996,6,,,,FALSE
275600,,,AMETHYSTS,SEASHELLS,9998,1,,,,FALSE
276500,,,AMETHYSTS,SEASHELLS,9998,1,,,,FALSE
277000,,,AMETHYSTS,SEASHELLS,9996,2,,,,FALSE
278200,,,AMETHYSTS,SEASHELLS,9998,3,,,,FALSE
278500,,,AMETHYSTS,SEASHELLS,9996,1,,,,FALSE
279400,,,AMETHYSTS,SEASHELLS,9996,2,,,,FALSE
279400,,,AMETHYSTS,SEASHELLS,9995,2,,,,FALSE
279900,,,AMETHYSTS,SEASHELLS,9996,1,,,,TRUE
280400,,,AMETHYSTS,SEASHELLS,10004,2,,,,TRUE
280900,,,AMETHYSTS,SEASHELLS,10000,2,,,,TRUE
281100,,,AMETHYSTS,SEASHELLS,10002,5,,,,FALSE
282400,,,AMETHYSTS,SEASHELLS,10002,1,,,,TRUE
282500,,,AMETHYSTS,SEASHELLS,9995,2,,,,TRUE
283300,,,AMETHYSTS,SEASHELLS,10004,1,,,,FALSE
283300,,,AMETHYSTS,SEASHELLS,10004,1,,,,FALSE
283600,,,AMETHYSTS,SEASHELLS,10002,1,,,,TRUE
283700,,,AMETHYSTS,SEASHELLS,9998,1,,,,FALSE
284300,,,AMETHYSTS,SEASHELLS,9998,1,,,,FALSE
284500,,,AMETHYSTS,SEASHELLS,9996,2,,,,FALSE
285100,,,AMETHYSTS,SEASHELLS,9996,1,,,,FALSE
285700,,,AMETHYSTS,SEASHELLS,9996,2,,,,FALSE
286000,,,AMETHYSTS,SEASHELLS,9998,1,,,,TRUE
288100,,,AMETHYSTS,SEASHELLS,10002,4,,,,FALSE
288100,,,AMETHYSTS,SEASHELLS,10002,1,,,,FALSE
288900,,,AMETHYSTS,SEASHELLS,10004,1,,,,FALSE
289800,,,AMETHYSTS,SEASHELLS,10004,2,,,,TRUE
290300,,,AMETHYSTS,SEASHELLS,9998,1,,,,FALSE
291400,,,AMETHYSTS,SEASHELLS,9995,4,,,,FALSE
291500,,,AMETHYSTS,SEASHELLS,9998,1,,,,FALSE
291700,,,AMETHYSTS,SEASHELLS,9998,1,,,,TRUE
292200,,,AMETHYSTS,SEASHELLS,10002,1,,,,TRUE
292300,,,AMETHYSTS,SEASHELLS,9996,2,,,,TRUE
292400,,,AMETHYSTS,SEASHELLS,10002,1,,,,FALSE
292500,,,AMETHYSTS,SEASHELLS,10002,3,,,,FALSE
292500,,,AMETHYSTS,SEASHELLS,10002,2,,,,FALSE
292800,,,AMETHYSTS,SEASHELLS,10002,1,,,,FALSE
293700,,,AMETHYSTS,SEASHELLS,10002,1,,,,TRUE
294900,,,AMETHYSTS,SEASHELLS,9995,1,,,,TRUE
295700,,,AMETHYSTS,SEASHELLS,10004,1,,,,FALSE
295800,,,AMETHYSTS,SEASHELLS,10002,1,,,,FALSE
296200,,,AMETHYSTS,SEASHELLS,10002,1,,,,TRUE
296400,,,AMETHYSTS,SEASHELLS,9998,5,,,,TRUE
297300,,,AMETHYSTS,SEASHELLS,10004,2,,,,TRUE
297400,,,AMETHYSTS,SEASHELLS,9998,2,,,,TRUE
297700,,,AMETHYSTS,SEASHELLS,10002,1,,,,FALSE
297800,,,AMETHYSTS,SEASHELLS,10002,3,,,,TRUE
298100,,,AMETHYSTS,SEASHELLS,9998,2,,,,FALSE
299500,,,AMETHYSTS,SEASHELLS,9995,5,,,,TRUE
300800,,,AMETHYSTS,SEASHELLS,10005,1,,,,FALSE
301400,,,AMETHYSTS,SEASHELLS,10005,2,,,,FALSE
301500,,,AMETHYSTS,SEASHELLS,10002,1,,,,FALSE
302100,,,AMETHYSTS,SEASHELLS,10004,1,,,,TRUE
302400,,,AMETHYSTS,SEASHELLS,9998,1,,,,FALSE
302400,,,AMETHYSTS,SEASHELLS,9998,4,,,,FALSE
302500,,,AMETHYSTS,SEASHELLS,9998,1,,,,TRUE
303100,,,AMETHYSTS,SEASHELLS,10005,2,,,,TRUE
303600,,,AMETHYSTS,SEASHELLS,9998,5,,,,TRUE
303700,,,AMETHYSTS,SEASHELLS,10002,1,,,,TRUE
305100,,,AMETHYSTS,SEASHELLS,9998,1,,,,TRUE
305900,,,AMETHYSTS,SEASHELLS,10002,3,,,,TRUE
306300,,,AMETHYSTS,SEASHELLS,9998,1,,,,FALSE
306700,,,AMETHYSTS,SEASHELLS,9998,2,,,,FALSE
307400,,,AMETHYSTS,SEASHELLS,9998,1,,,,TRUE
307900,,,AMETHYSTS,SEASHELLS,10004,1,,,,FALSE
308000,,,AMETHYSTS,SEASHELLS,10002,1,,,,TRUE
308200,,,AMETHYSTS,SEASHELLS,9996,1,,,,TRUE
308300,,,AMETHYSTS,SEASHELLS,10002,1,,,,TRUE
309600,,,AMETHYSTS,SEASHELLS,9998,2,,,,FALSE
309800,,,AMETHYSTS,SEASHELLS,9998,1,,,,TRUE
310600,,,AMETHYSTS,SEASHELLS,10002,1,,,,FALSE
310900,,,AMETHYSTS,SEASHELLS,10004,2,,,,TRUE
311700,,,AMETHYSTS,SEASHELLS,9996,2,,,,FALSE
312300,,,AMETHYSTS,SEASHELLS,9996,2,,,,TRUE
312600,,,AMETHYSTS,SEASHELLS,10004,2,,,,FALSE
312600,,,AMETHYSTS,SEASHELLS,10004,8,,,,TRUE
313100,,,AMETHYSTS,SEASHELLS,9996,1,,,,FALSE
313100,,,AMETHYSTS,SEASHELLS,9996,2,,,,TRUE
313600,,,AMETHYSTS,SEASHELLS,10005,5,,,,TRUE
313700,,,AMETHYSTS,SEASHELLS,9998,2,,,,FALSE
313700,,,AMETHYSTS,SEASHELLS,9998,2,,,,TRUE
314000,,,AMETHYSTS,SEASHELLS,10002,1,,,,FALSE
314100,,,AMETHYSTS,SEASHELLS,10002,1,,,,FALSE
314700,,,AMETHYSTS,SEASHELLS,10002,1,,,,FALSE
315300,,,AMETHYSTS,SEASHELLS,10002,5,,,,TRUE
315500,,,AMETHYSTS,SEASHELLS,9998,2,,,,TRUE
315800,,,AMETHYSTS,SEASHELLS,10002,1,,,,FALSE
316200,,,AMETHYSTS,SEASHELLS,10004,2,,,,FALSE
316600,,,AMETHYSTS,SEASHELLS,10005,1,,,,FALSE
317700,,,AMETHYSTS,SEASHELLS,10002,1,,,,TRUE
317800,,,AMETHYSTS,SEASHELLS,9998,3,,,,FALSE
318000,,,AMETHYSTS,SEASHELLS,9998,1,,,,TRUE
318600,,,AMETHYSTS,SEASHELLS,10002,2,,,,TRUE
319000,,,AMETHYSTS,SEASHELLS,9998,1,,,,TRUE
319800,,,AMETHYSTS,SEASHELLS,10002,1,,,,TRUE
320100,,,AMETHYSTS,SEASHELLS,9998,1,,,,TRUE
320300,,,AMETHYSTS,SEASHELLS,10004,1,,,,FALSE
320900,,,AMETHYSTS,SEASHELLS,10005,3,,,,FALSE
321300,,,AMETHYSTS,SEASHELLS,10004,2,,,,TRUE
321900,,,AMETHYSTS,SEASHELLS,9996,1,,,,FALSE
324100,,,AMETHYSTS,SEASHELLS,9998,2,,,,FALSE
324200,,,AMETHYSTS,SEASHELLS,9998,1,,,,FALSE
324600,,,AMETHYSTS,SEASHELLS,9995,6,,,,TRUE
325000,,,AMETHYSTS,SEASHELLS,10005,5,,,,TRUE
325100,,,AMETHYSTS,SEASHELLS,9996,1,,,,FALSE
326000,,,AMETHYSTS,SEASHELLS,9996,2,,,,TRUE
326900,,,AMETHYSTS,SEASHELLS,10002,1,,,,FALSE
327100,,,AMETHYSTS,SEASHELLS,10002,2,,,,TRUE
327800,,,AMETHYSTS,SEASHELLS,9996,1,,,,TRUE
329100,,,AMETHYSTS,SEASHELLS,10005,10,,,,TRUE
329300,,,AMETHYSTS,SEASHELLS,9998,1,,,,FALSE
329700,,,AMETHYSTS,SEASHELLS,9998,1,,,,TRUE
329800,,,AMETHYSTS,SEASHELLS,10004,1,,,,FALSE
329800,,,AMETHYSTS,SEASHELLS,10004,3,,,,TRUE
330600,,,AMETHYSTS,SEASHELLS,9998,3,,,,FALSE
330600,,,AMETHYSTS,SEASHELLS,9998,2,,,,TRUE
331100,,,AMETHYSTS,SEASHELLS,10002,1,,,,FALSE
331200,,,AMETHYSTS,SEASHELLS,10002,1,,,,TRUE
331400,,,AMETHYSTS,SEASHELLS,9998,1,,,,FALSE
331700,,,AMETHYSTS,SEASHELLS,9998,1,,,,FALSE
331800,,,AMETHYSTS,SEASHELLS,9998,1,,,,TRUE
331800,,,AMETHYSTS,SEASHELLS,10000,1,,,,TRUE
332500,,,AMETHYSTS,SEASHELLS,10002,1,,,,FALSE
333100,,,AMETHYSTS,SEASHELLS,10004,2,,,,TRUE
333500,,,AMETHYSTS,SEASHELLS,9995,9,,,,TRUE
333900,,,AMETHYSTS,SEASHELLS,10002,2,,,,TRUE
335300,,,AMETHYSTS,SEASHELLS,9998,1,,,,TRUE
335400,,,AMETHYSTS,SEASHELLS,10002,1,,,,TRUE
335800,,,AMETHYSTS,SEASHELLS,9998,1,,,,FALSE
336000,,,AMETHYSTS,SEASHELLS,9995,8,,,,FALSE
336200,,,AMETHYSTS,SEASHELLS,9998,1,,,,FALSE
336500,,,AMETHYSTS,SEASHELLS,9998,3,,,,FALSE
336600,,,AMETHYSTS,SEASHELLS,9996,2,,,,FALSE
336800,,,AMETHYSTS,SEASHELLS,9996,1,,,,FALSE
336800,,,AMETHYSTS,SEASHELLS,9996,2,,,,FALSE
336800,,,AMETHYSTS,SEASHELLS,9998,1,,,,FALSE
337100,,,AMETHYSTS,SEASHELLS,9998,1,,,,FALSE
337200,,,AMETHYSTS,SEASHELLS,9998,2,,,,FALSE
337200,,,AMETHYSTS,SEASHELLS,9998,2,,,,TRUE
337500,,,AMETHYSTS,SEASHELLS,10002,5,,,,TRUE
337600,,,AMETHYSTS,SEASHELLS,9996,1,,,,TRUE
338300,,,AMETHYSTS,SEASHELLS,10004,1,,,,TRUE
339000,,,AMETHYSTS,SEASHELLS,9998,1,,,,FALSE
339900,,,AMETHYSTS,SEASHELLS,9998,1,,,,FALSE
340700,,,AMETHYSTS,SEASHELLS,9996,2,,,,FALSE
340700,,,AMETHYSTS,SEASHELLS,9996,2,,,,FALSE
340700,,,AMETHYSTS,SEASHELLS,9996,8,,,,TRUE
341000,,,AMETHYSTS,SEASHELLS,10004,2,,,,TRUE
341200,,,AMETHYSTS,SEASHELLS,9996,1,,,,FALSE
341200,,,AMETHYSTS,SEASHELLS,9996,1,,,,TRUE
341300,,,AMETHYSTS,SEASHELLS,10002,1,,,,TRUE
341400,,,AMETHYSTS,SEASHELLS,9998,1,,,,FALSE
341900,,,AMETHYSTS,SEASHELLS,9998,1,,,,TRUE
342900,,,AMETHYSTS,SEASHELLS,10005,2,,,,FALSE
343700,,,AMETHYSTS,SEASHELLS,10002,1,,,,FALSE
344100,,,AMETHYSTS,SEASHELLS,10002,1,,,,TRUE
344200,,,AMETHYSTS,SEASHELLS,9996,2,,,,TRUE
344300,,,AMETHYSTS,SEASHELLS,10002,1,,,,TRUE
345400,,,AMETHYSTS,SEASHELLS,9998,1,,,,FALSE
345500,,,AMETHYSTS,SEASHELLS,9998,1,,,,FALSE
345800,,,AMETHYSTS,SEASHELLS,9996,5,,,,FALSE
345800,,,AMETHYSTS,SEASHELLS,9996,1,,,,FALSE
346200,,,AMETHYSTS,SEASHELLS,9996,6,,,,FALSE
346200,,,AMETHYSTS,SEASHELLS,9996,1,,,,TRUE
346400,,,AMETHYSTS,SEASHELLS,10002,1,,,,FALSE
346600,,,AMETHYSTS,SEASHELLS,10004,1,,,,TRUE
347100,,,AMETHYSTS,SEASHELLS,9998,1,,,,TRUE
347500,,,AMETHYSTS,SEASHELLS,10002,2,,,,FALSE
349400,,,AMETHYSTS,SEASHELLS,10004,6,,,,FALSE
349400,,,AMETHYSTS,SEASHELLS,10004,1,,,,TRUE
349600,,,AMETHYSTS,SEASHELLS,9996,1,,,,TRUE
350400,,,AMETHYSTS,SEASHELLS,10002,3,,,,FALSE
350400,,,AMETHYSTS,SEASHELLS,10002,3,,,,TRUE
350700,,,AMETHYSTS,SEASHELLS,9998,5,,,,FALSE
350800,,,AMETHYSTS,SEASHELLS,9996,2,,,,TRUE
350900,,,AMETHYSTS,SEASHELLS,10002,1,,,,TRUE
351000,,,AMETHYSTS,SEASHELLS,9998,1,,,,TRUE
351400,,,AMETHYSTS,SEASHELLS,10005,2,,,,FALSE
351800,,,AMETHYSTS,SEASHELLS,10004,4,,,,FALSE
351800,,,AMETHYSTS,SEASHELLS,10002,2,,,,FALSE
351800,,,AMETHYSTS,SEASHELLS,10004,2,,,,FALSE
352200,,,AMETHYSTS,SEASHELLS,10002,1,,,,TRUE
353100,,,AMETHYSTS,SEASHELLS,9996,1,,,,TRUE
353200,,,AMETHYSTS,SEASHELLS,10002,0,,,,FALSE
353200,,,AMETHYSTS,SEASHELLS,10002,1,,,,FALSE
353200,,,AMETHYSTS,SEASHELLS,10002,1,,,,FALSE
353200,,,AMETHYSTS,SEASHELLS,10002,6,,,,TRUE
353600,,,AMETHYSTS,SEASHELLS,9995,2,,,,TRUE
354200,,,AMETHYSTS,SEASHELLS,10000,1,,,,TRUE
354300,,,AMETHYSTS,SEASHELLS,10002,3,,,,TRUE
355100,,,AMETHYSTS,SEASHELLS,9996,1,,,,FALSE
355500,,,AMETHYSTS,SEASHELLS,9998,1,,,,TRUE
356600,,,AMETHYSTS,SEASHELLS,10004,11,,,,FALSE
356600,,,AMETHYSTS,SEASHELLS,10004,1,,,,FALSE
356600,,,AMETHYSTS,SEASHELLS,10002,1,,,,TRUE
357500,,,AMETHYSTS,SEASHELLS,9995,5,,,,FALSE
358000,,,AMETHYSTS,SEASHELLS,9996,2,,,,TRUE
358400,,,AMETHYSTS,SEASHELLS,10002,7,,,,FALSE
358600,,,AMETHYSTS,SEASHELLS,10002,1,,,,TRUE
359300,,,AMETHYSTS,SEASHELLS,9995,6,,,,TRUE
359600,,,AMETHYSTS,SEASHELLS,10002,1,,,,TRUE
359900,,,AMETHYSTS,SEASHELLS,9996,1,,,,FALSE
360000,,,AMETHYSTS,SEASHELLS,9998,1,,,,TRUE
360400,,,AMETHYSTS,SEASHELLS,10002,1,,,,TRUE
360900,,,AMETHYSTS,SEASHELLS,9998,4,,,,FALSE
361300,,,AMETHYSTS,SEASHELLS,9996,1,,,,FALSE
361300,,,AMETHYSTS,SEASHELLS,9996,1,,,,TRUE
362500,,,AMETHYSTS,SEASHELLS,10002,1,,,,FALSE
362700,,,AMETHYSTS,SEASHELLS,10002,1,,,,FALSE
362800,,,AMETHYSTS,SEASHELLS,10002,5,,,,FALSE
363200,,,AMETHYSTS,SEASHELLS,10004,1,,,,FALSE
363200,,,AMETHYSTS,SEASHELLS,10004,1,,,,FALSE
364000,,,AMETHYSTS,SEASHELLS,10002,1,,,,TRUE
365300,,,AMETHYSTS,SEASHELLS,9998,5,,,,FALSE
365300,,,AMETHYSTS,SEASHELLS,9998,1,,,,FALSE
365900,,,AMETHYSTS,SEASHELLS,9998,5,,,,FALSE
366100,,,AMETHYSTS,SEASHELLS,9998,1,,,,TRUE
366500,,,AMETHYSTS,SEASHELLS,10002,1,,,,FALSE
367200,,,AMETHYSTS,SEASHELLS,10002,1,,,,FALSE
368000,,,AMETHYSTS,SEASHELLS,10005,2,,,,FALSE
368100,,,AMETHYSTS,SEASHELLS,10002,1,,,,FALSE
368100,,,AMETHYSTS,SEASHELLS,10004,1,,,,TRUE
368700,,,AMETHYSTS,SEASHELLS,9998,2,,,,TRUE
368800,,,AMETHYSTS,SEASHELLS,10004,1,,,,FALSE
369100,,,AMETHYSTS,SEASHELLS,10004,1,,,,FALSE
369700,,,AMETHYSTS,SEASHELLS,10002,4,,,,FALSE
370700,,,AMETHYSTS,SEASHELLS,10002,1,,,,TRUE
370800,,,AMETHYSTS,SEASHELLS,9998,1,,,,FALSE
370900,,,AMETHYSTS,SEASHELLS,9996,1,,,,FALSE
370900,,,AMETHYSTS,SEASHELLS,9996,1,,,,FALSE
371200,,,AMETHYSTS,SEASHELLS,9998,1,,,,FALSE
371400,,,AMETHYSTS,SEASHELLS,9998,5,,,,FALSE
371900,,,AMETHYSTS,SEASHELLS,9998,1,,,,TRUE
372200,,,AMETHYSTS,SEASHELLS,10002,5,,,,FALSE
372700,,,AMETHYSTS,SEASHELLS,10004,2,,,,TRUE
373500,,,AMETHYSTS,SEASHELLS,9995,1,,,,TRUE
374000,,,AMETHYSTS,SEASHELLS,10002,4,,,,TRUE
374300,,,AMETHYSTS,SEASHELLS,9998,1,,,,FALSE
374600,,,AMETHYSTS,SEASHELLS,9998,1,,,,FALSE
375300,,,AMETHYSTS,SEASHELLS,9996,1,,,,TRUE
375400,,,AMETHYSTS,SEASHELLS,10004,1,,,,FALSE
375900,,,AMETHYSTS,SEASHELLS,10002,2,,,,FALSE
376100,,,AMETHYSTS,SEASHELLS,10002,5,,,,FALSE
376300,,,AMETHYSTS,SEASHELLS,10004,2,,,,TRUE
377400,,,AMETHYSTS,SEASHELLS,9996,2,,,,FALSE
378300,,,AMETHYSTS,SEASHELLS,9998,1,,,,TRUE
378700,,,AMETHYSTS,SEASHELLS,10002,4,,,,TRUE
379700,,,AMETHYSTS,SEASHELLS,9996,1,,,,TRUE
379800,,,AMETHYSTS,SEASHELLS,10002,1,,,,FALSE
381000,,,AMETHYSTS,SEASHELLS,10004,2,,,,FALSE
381200,,,AMETHYSTS,SEASHELLS,10004,1,,,,FALSE
381200,,,AMETHYSTS,SEASHELLS,10002,1,,,,FALSE
381200,,,AMETHYSTS,SEASHELLS,10004,1,,,,FALSE
381700,,,AMETHYSTS,SEASHELLS,10002,1,,,,FALSE
383300,,,AMETHYSTS,SEASHELLS,10002,1,,,,TRUE
383600,,,AMETHYSTS,SEASHELLS,9996,1,,,,FALSE
384000,,,AMETHYSTS,SEASHELLS,9996,2,,,,FALSE
384100,,,AMETHYSTS,SEASHELLS,9998,3,,,,FALSE
384200,,,AMETHYSTS,SEASHELLS,9996,1,,,,TRUE
384500,,,AMETHYSTS,SEASHELLS,10002,1,,,,TRUE
384600,,,AMETHYSTS,SEASHELLS,9998,1,,,,FALSE
386000,,,AMETHYSTS,SEASHELLS,9998,1,,,,TRUE
386500,,,AMETHYSTS,SEASHELLS,10002,3,,,,FALSE
386500,,,AMETHYSTS,SEASHELLS,10002,1,,,,TRUE
386600,,,AMETHYSTS,SEASHELLS,9996,1,,,,FALSE
387600,,,AMETHYSTS,SEASHELLS,9998,1,,,,FALSE
387700,,,AMETHYSTS,SEASHELLS,9995,2,,,,TRUE
387900,,,AMETHYSTS,SEASHELLS,10005,1,,,,TRUE
389000,,,AMETHYSTS,SEASHELLS,9996,2,,,,FALSE
389700,,,AMETHYSTS,SEASHELLS,9998,1,,,,FALSE
389800,,,AMETHYSTS,SEASHELLS,9996,1,,,,TRUE
390400,,,AMETHYSTS,SEASHELLS,10002,1,,,,FALSE
390700,,,AMETHYSTS,SEASHELLS,10002,1,,,,TRUE
391100,,,AMETHYSTS,SEASHELLS,9996,2,,,,TRUE
392300,,,AMETHYSTS,SEASHELLS,10005,2,,,,TRUE
393000,,,AMETHYSTS,SEASHELLS,9998,1,,,,FALSE
393100,,,AMETHYSTS,SEASHELLS,9998,1,,,,TRUE
393300,,,AMETHYSTS,SEASHELLS,10000,1,,,,TRUE
393300,,,AMETHYSTS,SEASHELLS,9998,1,,,,FALSE
393600,,,AMETHYSTS,SEASHELLS,9998,1,,,,FALSE
394500,,,AMETHYSTS,SEASHELLS,9996,1,,,,TRUE
394700,,,AMETHYSTS,SEASHELLS,10004,1,,,,TRUE
394900,,,AMETHYSTS,SEASHELLS,9998,1,,,,FALSE
396700,,,AMETHYSTS,SEASHELLS,9996,2,,,,TRUE
396800,,,AMETHYSTS,SEASHELLS,10002,2,,,,FALSE
397700,,,AMETHYSTS,SEASHELLS,10002,1,,,,FALSE
399200,,,AMETHYSTS,SEASHELLS,10002,3,,,,TRUE
400400,,,AMETHYSTS,SEASHELLS,9996,1,,,,FALSE
400500,,,AMETHYSTS,SEASHELLS,9998,1,,,,TRUE
400600,,,AMETHYSTS,SEASHELLS,10004,1,,,,FALSE
400600,,,AMETHYSTS,SEASHELLS,10004,1,,,,FALSE
400800,,,AMETHYSTS,SEASHELLS,10002,5,,,,TRUE
401500,,,AMETHYSTS,SEASHELLS,9998,8,,,,FALSE
401500,,,AMETHYSTS,SEASHELLS,9998,3,,,,FALSE
401600,,,AMETHYSTS,SEASHELLS,9998,1,,,,FALSE
402400,,,AMETHYSTS,SEASHELLS,9996,2,,,,FALSE
402800,,,AMETHYSTS,SEASHELLS,9998,1,,,,TRUE
403200,,,AMETHYSTS,SEASHELLS,10002,1,,,,TRUE
403800,,,AMETHYSTS,SEASHELLS,9998,1,,,,TRUE
404200,,,AMETHYSTS,SEASHELLS,10002,3,,,,TRUE
404900,,,AMETHYSTS,SEASHELLS,9998,2,,,,FALSE
405200,,,AMETHYSTS,SEASHELLS,9998,3,,,,FALSE
405900,,,AMETHYSTS,SEASHELLS,9998,1,,,,TRUE
406200,,,AMETHYSTS,SEASHELLS,10002,3,,,,TRUE
407500,,,AMETHYSTS,SEASHELLS,9995,1,,,,FALSE
407500,,,AMETHYSTS,SEASHELLS,9998,5,,,,FALSE
407500,,,AMETHYSTS,SEASHELLS,9998,1,,,,FALSE
407900,,,AMETHYSTS,SEASHELLS,9998,1,,,,TRUE
408600,,,AMETHYSTS,SEASHELLS,10002,1,,,,TRUE
409100,,,AMETHYSTS,SEASHELLS,9998,1,,,,FALSE
409200,,,AMETHYSTS,SEASHELLS,9998,1,,,,FALSE
410200,,,AMETHYSTS,SEASHELLS,9998,1,,,,TRUE
410600,,,AMETHYSTS,SEASHELLS,10004,2,,,,FALSE
410600,,,AMETHYSTS,SEASHELLS,10004,9,,,,TRUE
410700,,,AMETHYSTS,SEASHELLS,9998,1,,,,FALSE
411900,,,AMETHYSTS,SEASHELLS,9998,1,,,,TRUE
412000,,,AMETHYSTS,SEASHELLS,10002,3,,,,FALSE
412000,,,AMETHYSTS,SEASHELLS,10002,1,,,,TRUE
412100,,,AMETHYSTS,SEASHELLS,9998,1,,,,FALSE
412600,,,AMETHYSTS,SEASHELLS,9996,2,,,,TRUE
412900,,,AMETHYSTS,SEASHELLS,10004,1,,,,FALSE
413000,,,AMETHYSTS,SEASHELLS,10002,5,,,,TRUE
413100,,,AMETHYSTS,SEASHELLS,9995,2,,,,TRUE
413100,,,AMETHYSTS,SEASHELLS,10002,1,,,,FALSE
413300,,,AMETHYSTS,SEASHELLS,10002,1,,,,FALSE
413600,,,AMETHYSTS,SEASHELLS,10002,2,,,,FALSE
414000,,,AMETHYSTS,SEASHELLS,10004,2,,,,TRUE
414000,,,AMETHYSTS,SEASHELLS,9998,1,,,,TRUE
414000,,,AMETHYSTS,SEASHELLS,10005,1,,,,FALSE
414000,,,AMETHYSTS,SEASHELLS,10004,5,,,,FALSE
415100,,,AMETHYSTS,SEASHELLS,10002,8,,,,FALSE
415100,,,AMETHYSTS,SEASHELLS,10002,3,,,,TRUE
415800,,,AMETHYSTS,SEASHELLS,9995,6,,,,FALSE
416100,,,AMETHYSTS,SEASHELLS,9998,3,,,,FALSE
416100,,,AMETHYSTS,SEASHELLS,9998,2,,,,TRUE
416800,,,AMETHYSTS,SEASHELLS,10004,1,,,,TRUE
417800,,,AMETHYSTS,SEASHELLS,9996,1,,,,FALSE
417800,,,AMETHYSTS,SEASHELLS,9998,1,,,,FALSE
417900,,,AMETHYSTS,SEASHELLS,9998,1,,,,TRUE
418300,,,AMETHYSTS,SEASHELLS,10002,1,,,,TRUE
418500,,,AMETHYSTS,SEASHELLS,9998,1,,,,TRUE
420100,,,AMETHYSTS,SEASHELLS,10002,1,,,,FALSE
420200,,,AMETHYSTS,SEASHELLS,10005,11,,,,FALSE
420300,,,AMETHYSTS,SEASHELLS,10002,4,,,,TRUE
420600,,,AMETHYSTS,SEASHELLS,9996,1,,,,TRUE
421200,,,AMETHYSTS,SEASHELLS,10002,1,,,,TRUE
421500,,,AMETHYSTS,SEASHELLS,9998,1,,,,TRUE
421900,,,AMETHYSTS,SEASHELLS,10002,1,,,,TRUE
424000,,,AMETHYSTS,SEASHELLS,9998,5,,,,FALSE
424400,,,AMETHYSTS,SEASHELLS,9998,1,,,,FALSE
424400,,,AMETHYSTS,SEASHELLS,9998,9,,,,TRUE
424600,,,AMETHYSTS,SEASHELLS,10002,1,,,,FALSE
424600,,,AMETHYSTS,SEASHELLS,10004,1,,,,FALSE
424700,,,AMETHYSTS,SEASHELLS,10002,1,,,,TRUE
425000,,,AMETHYSTS,SEASHELLS,9996,1,,,,FALSE
425600,,,AMETHYSTS,SEASHELLS,9995,2,,,,TRUE
425600,,,AMETHYSTS,SEASHELLS,10002,1,,,,TRUE
426300,,,AMETHYSTS,SEASHELLS,9998,1,,,,TRUE
426400,,,AMETHYSTS,SEASHELLS,10002,5,,,,TRUE
426800,,,AMETHYSTS,SEASHELLS,9998,1,,,,TRUE
427200,,,AMETHYSTS,SEASHELLS,10002,1,,,,TRUE
427700,,,AMETHYSTS,SEASHELLS,9998,1,,,,FALSE
427800,,,AMETHYSTS,SEASHELLS,9996,2,,,,TRUE
428100,,,AMETHYSTS,SEASHELLS,10004,1,,,,TRUE
428700,,,AMETHYSTS,SEASHELLS,9995,11,,,,TRUE
429100,,,AMETHYSTS,SEASHELLS,10002,1,,,,TRUE
429800,,,AMETHYSTS,SEASHELLS,9998,1,,,,TRUE
430100,,,AMETHYSTS,SEASHELLS,10005,3,,,,FALSE
430500,,,AMETHYSTS,SEASHELLS,10002,1,,,,FALSE
431100,,,AMETHYSTS,SEASHELLS,10002,1,,,,TRUE
431100,,,AMETHYSTS,SEASHELLS,9998,5,,,,TRUE
432300,,,AMETHYSTS,SEASHELLS,10002,1,,,,TRUE
432700,,,AMETHYSTS,SEASHELLS,9998,1,,,,FALSE
432800,,,AMETHYSTS,SEASHELLS,9998,1,,,,FALSE
432800,,,AMETHYSTS,SEASHELLS,9998,1,,,,TRUE
433100,,,AMETHYSTS,SEASHELLS,10002,1,,,,TRUE
433300,,,AMETHYSTS,SEASHELLS,9998,1,,,,TRUE
433500,,,AMETHYSTS,SEASHELLS,10002,1,,,,TRUE
434000,,,AMETHYSTS,SEASHELLS,9998,8,,,,TRUE
434800,,,AMETHYSTS,SEASHELLS,10002,1,,,,TRUE
435400,,,AMETHYSTS,SEASHELLS,9995,6,,,,TRUE
437200,,,AMETHYSTS,SEASHELLS,10004,1,,,,TRUE
437400,,,AMETHYSTS,SEASHELLS,9998,2,,,,TRUE
438400,,,AMETHYSTS,SEASHELLS,10004,1,,,,FALSE
438800,,,AMETHYSTS,SEASHELLS,10002,1,,,,TRUE
439300,,,AMETHYSTS,SEASHELLS,9996,1,,,,TRUE
439700,,,AMETHYSTS,SEASHELLS,10002,1,,,,TRUE
439800,,,AMETHYSTS,SEASHELLS,9996,7,,,,FALSE
439800,,,AMETHYSTS,SEASHELLS,9996,1,,,,TRUE
439900,,,AMETHYSTS,SEASHELLS,10002,2,,,,FALSE
440300,,,AMETHYSTS,SEASHELLS,10004,1,,,,FALSE
440300,,,AMETHYSTS,SEASHELLS,10004,4,,,,TRUE
440700,,,AMETHYSTS,SEASHELLS,9996,2,,,,TRUE
441200,,,AMETHYSTS,SEASHELLS,10002,1,,,,FALSE
441200,,,AMETHYSTS,SEASHELLS,10002,1,,,,FALSE
442100,,,AMETHYSTS,SEASHELLS,10004,2,,,,FALSE
442100,,,AMETHYSTS,SEASHELLS,10004,1,,,,FALSE
442100,,,AMETHYSTS,SEASHELLS,10004,3,,,,FALSE
442300,,,AMETHYSTS,SEASHELLS,10002,1,,,,TRUE
442500,,,AMETHYSTS,SEASHELLS,9998,1,,,,FALSE
442900,,,AMETHYSTS,SEASHELLS,9998,1,,,,TRUE
443000,,,AMETHYSTS,SEASHELLS,10004,2,,,,FALSE
443100,,,AMETHYSTS,SEASHELLS,10002,1,,,,FALSE
443300,,,AMETHYSTS,SEASHELLS,10002,3,,,,FALSE
443500,,,AMETHYSTS,SEASHELLS,10002,1,,,,TRUE
444100,,,AMETHYSTS,SEASHELLS,9998,1,,,,FALSE
444100,,,AMETHYSTS,SEASHELLS,9996,1,,,,FALSE
444100,,,AMETHYSTS,SEASHELLS,9996,1,,,,FALSE
444200,,,AMETHYSTS,SEASHELLS,9998,1,,,,TRUE
444400,,,AMETHYSTS,SEASHELLS,10002,1,,,,TRUE
444500,,,AMETHYSTS,SEASHELLS,9998,1,,,,FALSE
444700,,,AMETHYSTS,SEASHELLS,9998,1,,,,FALSE
444900,,,AMETHYSTS,SEASHELLS,9998,1,,,,FALSE
445300,,,AMETHYSTS,SEASHELLS,9998,1,,,,FALSE
445600,,,AMETHYSTS,SEASHELLS,9998,1,,,,FALSE
446600,,,AMETHYSTS,SEASHELLS,9998,1,,,,TRUE
447000,,,AMETHYSTS,SEASHELLS,10002,1,,,,FALSE
447400,,,AMETHYSTS,SEASHELLS,10002,4,,,,FALSE
448500,,,AMETHYSTS,SEASHELLS,10005,2,,,,FALSE
448700,,,AMETHYSTS,SEASHELLS,10002,1,,,,FALSE
448800,,,AMETHYSTS,SEASHELLS,10002,1,,,,FALSE
448800,,,AMETHYSTS,SEASHELLS,10002,5,,,,FALSE
449400,,,AMETHYSTS,SEASHELLS,10002,3,,,,FALSE
449400,,,AMETHYSTS,SEASHELLS,10002,1,,,,TRUE
450100,,,AMETHYSTS,SEASHELLS,9995,2,,,,TRUE
450400,,,AMETHYSTS,SEASHELLS,10002,1,,,,TRUE
450800,,,AMETHYSTS,SEASHELLS,9996,2,,,,FALSE
451300,,,AMETHYSTS,SEASHELLS,9998,1,,,,TRUE
451600,,,AMETHYSTS,SEASHELLS,10002,1,,,,TRUE
451800,,,AMETHYSTS,SEASHELLS,9996,7,,,,FALSE
451800,,,AMETHYSTS,SEASHELLS,9996,1,,,,TRUE
451900,,,AMETHYSTS,SEASHELLS,10004,2,,,,FALSE
451900,,,AMETHYSTS,SEASHELLS,10004,9,,,,TRUE
452200,,,AMETHYSTS,SEASHELLS,9998,1,,,,FALSE
452200,,,AMETHYSTS,SEASHELLS,9998,2,,,,FALSE
452500,,,AMETHYSTS,SEASHELLS,9998,1,,,,FALSE
453200,,,AMETHYSTS,SEASHELLS,9998,1,,,,TRUE
453900,,,AMETHYSTS,SEASHELLS,10002,1,,,,TRUE
454300,,,AMETHYSTS,SEASHELLS,9998,1,,,,FALSE
454500,,,AMETHYSTS,SEASHELLS,9996,1,,,,TRUE
454800,,,AMETHYSTS,SEASHELLS,10004,2,,,,TRUE
455600,,,AMETHYSTS,SEASHELLS,9996,1,,,,TRUE
456000,,,AMETHYSTS,SEASHELLS,10004,1,,,,TRUE
456400,,,AMETHYSTS,SEASHELLS,9998,1,,,,TRUE
456700,,,AMETHYSTS,SEASHELLS,10002,1,,,,FALSE
456900,,,AMETHYSTS,SEASHELLS,10002,4,,,,FALSE
456900,,,AMETHYSTS,SEASHELLS,10002,1,,,,FALSE
458400,,,AMETHYSTS,SEASHELLS,10004,6,,,,FALSE
458400,,,AMETHYSTS,SEASHELLS,10004,1,,,,FALSE
458500,,,AMETHYSTS,SEASHELLS,10002,1,,,,FALSE
458800,,,AMETHYSTS,SEASHELLS,10002,1,,,,TRUE
459000,,,AMETHYSTS,SEASHELLS,9998,1,,,,TRUE
459700,,,AMETHYSTS,SEASHELLS,10002,1,,,,FALSE
460100,,,AMETHYSTS,SEASHELLS,10002,3,,,,FALSE
461400,,,AMETHYSTS,SEASHELLS,10002,5,,,,TRUE
461700,,,AMETHYSTS,SEASHELLS,9998,2,,,,FALSE
462100,,,AMETHYSTS,SEASHELLS,9998,3,,,,FALSE
462100,,,AMETHYSTS,SEASHELLS,9998,1,,,,TRUE
462200,,,AMETHYSTS,SEASHELLS,10002,1,,,,FALSE
462300,,,AMETHYSTS,SEASHELLS,10002,1,,,,FALSE
463200,,,AMETHYSTS,SEASHELLS,10002,1,,,,FALSE
463900,,,AMETHYSTS,SEASHELLS,10005,7,,,,FALSE
463900,,,AMETHYSTS,SEASHELLS,10002,1,,,,TRUE
464100,,,AMETHYSTS,SEASHELLS,9996,1,,,,TRUE
464500,,,AMETHYSTS,SEASHELLS,10000,1,,,,TRUE
464700,,,AMETHYSTS,SEASHELLS,10002,2,,,,TRUE
464900,,,AMETHYSTS,SEASHELLS,9998,1,,,,TRUE
465000,,,AMETHYSTS,SEASHELLS,10002,3,,,,FALSE
465200,,,AMETHYSTS,SEASHELLS,10004,2,,,,FALSE
465300,,,AMETHYSTS,SEASHELLS,10002,1,,,,FALSE
465500,,,AMETHYSTS,SEASHELLS,10004,5,,,,FALSE
465500,,,AMETHYSTS,SEASHELLS,10004,1,,,,FALSE
466100,,,AMETHYSTS,SEASHELLS,10002,1,,,,TRUE
466200,,,AMETHYSTS,SEASHELLS,9996,2,,,,FALSE
467600,,,AMETHYSTS,SEASHELLS,9995,10,,,,FALSE
468000,,,AMETHYSTS,SEASHELLS,9998,1,,,,TRUE
469100,,,AMETHYSTS,SEASHELLS,10004,2,,,,TRUE
469400,,,AMETHYSTS,SEASHELLS,9998,1,,,,TRUE
469600,,,AMETHYSTS,SEASHELLS,10004,2,,,,FALSE
470800,,,AMETHYSTS,SEASHELLS,10004,1,,,,FALSE
471100,,,AMETHYSTS,SEASHELLS,10002,1,,,,FALSE
471600,,,AMETHYSTS,SEASHELLS,10004,1,,,,TRUE
471900,,,AMETHYSTS,SEASHELLS,9998,4,,,,FALSE
472000,,,AMETHYSTS,SEASHELLS,9998,1,,,,TRUE
472100,,,AMETHYSTS,SEASHELLS,10005,2,,,,TRUE
472200,,,AMETHYSTS,SEASHELLS,9998,2,,,,TRUE
473600,,,AMETHYSTS,SEASHELLS,10002,1,,,,FALSE
474100,,,AMETHYSTS,SEASHELLS,10005,11,,,,TRUE
474300,,,AMETHYSTS,SEASHELLS,9998,1,,,,TRUE
476400,,,AMETHYSTS,SEASHELLS,10005,2,,,,FALSE
477000,,,AMETHYSTS,SEASHELLS,10002,5,,,,TRUE
477500,,,AMETHYSTS,SEASHELLS,9996,1,,,,FALSE
477500,,,AMETHYSTS,SEASHELLS,9998,5,,,,FALSE
477500,,,AMETHYSTS,SEASHELLS,9996,1,,,,TRUE
477600,,,AMETHYSTS,SEASHELLS,10002,1,,,,TRUE
477900,,,AMETHYSTS,SEASHELLS,10000,2,,,,TRUE
478500,,,AMETHYSTS,SEASHELLS,10002,2,,,,TRUE
478600,,,AMETHYSTS,SEASHELLS,9998,2,,,,FALSE
478900,,,AMETHYSTS,SEASHELLS,9996,1,,,,TRUE
479000,,,AMETHYSTS,SEASHELLS,10002,1,,,,TRUE
479400,,,AMETHYSTS,SEASHELLS,9998,1,,,,FALSE
479600,,,AMETHYSTS,SEASHELLS,9996,6,,,,FALSE
479600,,,AMETHYSTS,SEASHELLS,9996,2,,,,TRUE
479800,,,AMETHYSTS,SEASHELLS,10002,5,,,,TRUE
481700,,,AMETHYSTS,SEASHELLS,9998,1,,,,FALSE
482500,,,AMETHYSTS,SEASHELLS,9998,1,,,,FALSE
482600,,,AMETHYSTS,SEASHELLS,9998,5,,,,FALSE
482600,,,AMETHYSTS,SEASHELLS,9998,2,,,,TRUE
482700,,,AMETHYSTS,SEASHELLS,10002,5,,,,FALSE
483300,,,AMETHYSTS,SEASHELLS,10004,1,,,,TRUE
484800,,,AMETHYSTS,SEASHELLS,9996,2,,,,FALSE
484900,,,AMETHYSTS,SEASHELLS,9996,1,,,,FALSE
485500,,,AMETHYSTS,SEASHELLS,9998,1,,,,FALSE
485500,,,AMETHYSTS,SEASHELLS,9996,2,,,,FALSE
485900,,,AMETHYSTS,SEASHELLS,9996,1,,,,TRUE
487200,,,AMETHYSTS,SEASHELLS,10004,1,,,,FALSE
487200,,,AMETHYSTS,SEASHELLS,10004,2,,,,TRUE
487500,,,AMETHYSTS,SEASHELLS,9996,2,,,,FALSE
487700,,,AMETHYSTS,SEASHELLS,9996,1,,,,FALSE
487700,,,AMETHYSTS,SEASHELLS,9996,2,,,,TRUE
488200,,,AMETHYSTS,SEASHELLS,10005,2,,,,FALSE
488200,,,AMETHYSTS,SEASHELLS,10002,1,,,,FALSE
490000,,,AMETHYSTS,SEASHELLS,10002,1,,,,TRUE
490400,,,AMETHYSTS,SEASHELLS,9995,1,,,,TRUE
490800,,,AMETHYSTS,SEASHELLS,10002,1,,,,FALSE
490800,,,AMETHYSTS,SEASHELLS,10002,3,,,,TRUE
491000,,,AMETHYSTS,SEASHELLS,9998,1,,,,TRUE
491300,,,AMETHYSTS,SEASHELLS,10002,1,,,,FALSE
492800,,,AMETHYSTS,SEASHELLS,10002,2,,,,FALSE
492900,,,AMETHYSTS,SEASHELLS,10004,1,,,,TRUE
493200,,,AMETHYSTS,SEASHELLS,9996,1,,,,TRUE
493800,,,AMETHYSTS,SEASHELLS,10002,4,,,,TRUE
494100,,,AMETHYSTS,SEASHELLS,9998,1,,,,TRUE
494300,,,AMETHYSTS,SEASHELLS,10005,7,,,,FALSE
495500,,,AMETHYSTS,SEASHELLS,10002,2,,,,TRUE
496600,,,AMETHYSTS,SEASHELLS,9998,1,,,,FALSE
496600,,,AMETHYSTS,SEASHELLS,9998,3,,,,FALSE
496900,,,AMETHYSTS,SEASHELLS,9998,1,,,,FALSE
496900,,,AMETHYSTS,SEASHELLS,9998,5,,,,FALSE
498000,,,AMETHYSTS,SEASHELLS,9998,2,,,,TRUE
498600,,,AMETHYSTS,SEASHELLS,10004,2,,,,FALSE
498800,,,AMETHYSTS,SEASHELLS,10002,1,,,,TRUE
499600,,,AMETHYSTS,SEASHELLS,9996,2,,,,FALSE
499800,,,AMETHYSTS,SEASHELLS,9998,1,,,,FALSE
500000,,,AMETHYSTS,SEASHELLS,9996,1,,,,TRUE
500200,,,AMETHYSTS,SEASHELLS,10002,5,,,,FALSE
500300,,,AMETHYSTS,SEASHELLS,10004,1,,,,FALSE
500700,,,AMETHYSTS,SEASHELLS,10002,9,,,,FALSE
500800,,,AMETHYSTS,SEASHELLS,10002,1,,,,TRUE
500900,,,AMETHYSTS,SEASHELLS,9996,2,,,,FALSE
501100,,,AMETHYSTS,SEASHELLS,9998,3,,,,TRUE
501500,,,AMETHYSTS,SEASHELLS,10002,2,,,,FALSE
501600,,,AMETHYSTS,SEASHELLS,10004,1,,,,TRUE
501700,,,AMETHYSTS,SEASHELLS,9998,1,,,,FALSE
501800,,,AMETHYSTS,SEASHELLS,9998,3,,,,TRUE
501900,,,AMETHYSTS,SEASHELLS,10002,2,,,,TRUE
502100,,,AMETHYSTS,SEASHELLS,9998,5,,,,FALSE
502100,,,AMETHYSTS,SEASHELLS,9996,2,,,,FALSE
502100,,,AMETHYSTS,SEASHELLS,9998,1,,,,TRUE
502600,,,AMETHYSTS,SEASHELLS,10002,1,,,,FALSE
502700,,,AMETHYSTS,SEASHELLS,10004,1,,,,TRUE
503000,,,AMETHYSTS,SEASHELLS,9996,8,,,,FALSE
503000,,,AMETHYSTS,SEASHELLS,9996,2,,,,TRUE
503100,,,AMETHYSTS,SEASHELLS,10002,3,,,,FALSE
503600,,,AMETHYSTS,SEASHELLS,10002,1,,,,TRUE
505800,,,AMETHYSTS,SEASHELLS,9996,2,,,,TRUE
506000,,,AMETHYSTS,SEASHELLS,10004,1,,,,FALSE
506200,,,AMETHYSTS,SEASHELLS,10002,1,,,,FALSE
506200,,,AMETHYSTS,SEASHELLS,10002,1,,,,FALSE
506300,,,AMETHYSTS,SEASHELLS,10005,1,,,,TRUE
506800,,,AMETHYSTS,SEASHELLS,9998,2,,,,FALSE
507300,,,AMETHYSTS,SEASHELLS,9998,1,,,,FALSE
507700,,,AMETHYSTS,SEASHELLS,9998,1,,,,TRUE
508100,,,AMETHYSTS,SEASHELLS,10005,1,,,,FALSE
508500,,,AMETHYSTS,SEASHELLS,10002,5,,,,FALSE
508800,,,AMETHYSTS,SEASHELLS,10002,2,,,,FALSE
509500,,,AMETHYSTS,SEASHELLS,10002,1,,,,TRUE
509700,,,AMETHYSTS,SEASHELLS,9998,5,,,,TRUE
510800,,,AMETHYSTS,SEASHELLS,10002,1,,,,TRUE
510800,,,AMETHYSTS,SEASHELLS,9998,9,,,,TRUE
511000,,,AMETHYSTS,SEASHELLS,10002,1,,,,TRUE
511100,,,AMETHYSTS,SEASHELLS,9998,1,,,,TRUE
511400,,,AMETHYSTS,SEASHELLS,10002,5,,,,FALSE
512200,,,AMETHYSTS,SEASHELLS,10002,1,,,,FALSE
512400,,,AMETHYSTS,SEASHELLS,10002,1,,,,FALSE
512500,,,AMETHYSTS,SEASHELLS,10004,4,,,,FALSE
512500,,,AMETHYSTS,SEASHELLS,10004,1,,,,FALSE
513500,,,AMETHYSTS,SEASHELLS,10004,1,,,,TRUE
514300,,,AMETHYSTS,SEASHELLS,9996,2,,,,TRUE
515200,,,AMETHYSTS,SEASHELLS,10002,1,,,,FALSE
516100,,,AMETHYSTS,SEASHELLS,10004,1,,,,FALSE
516100,,,AMETHYSTS,SEASHELLS,10004,2,,,,FALSE
516400,,,AMETHYSTS,SEASHELLS,10004,1,,,,FALSE
516600,,,AMETHYSTS,SEASHELLS,10002,2,,,,FALSE
517200,,,AMETHYSTS,SEASHELLS,10004,2,,,,FALSE
517200,,,AMETHYSTS,SEASHELLS,10004,1,,,,TRUE
517400,,,AMETHYSTS,SEASHELLS,9995,9,,,,FALSE
517600,,,AMETHYSTS,SEASHELLS,9995,2,,,,TRUE
517800,,,AMETHYSTS,SEASHELLS,10002,1,,,,FALSE
518100,,,AMETHYSTS,SEASHELLS,10002,2,,,,TRUE
518700,,,AMETHYSTS,SEASHELLS,9995,1,,,,TRUE
519000,,,AMETHYSTS,SEASHELLS,10004,2,,,,FALSE
519800,,,AMETHYSTS,SEASHELLS,10002,1,,,,FALSE
520100,,,AMETHYSTS,SEASHELLS,10005,5,,,,FALSE
520200,,,AMETHYSTS,SEASHELLS,10002,3,,,,FALSE
520200,,,AMETHYSTS,SEASHELLS,10002,6,,,,TRUE
521200,,,AMETHYSTS,SEASHELLS,9998,2,,,,FALSE
521700,,,AMETHYSTS,SEASHELLS,9998,1,,,,FALSE
521800,,,AMETHYSTS,SEASHELLS,9996,1,,,,FALSE
521800,,,AMETHYSTS,SEASHELLS,9996,7,,,,TRUE
522500,,,AMETHYSTS,SEASHELLS,10002,5,,,,FALSE
522600,,,AMETHYSTS,SEASHELLS,10002,1,,,,TRUE
522700,,,AMETHYSTS,SEASHELLS,9998,1,,,,TRUE
523400,,,AMETHYSTS,SEASHELLS,10002,1,,,,FALSE
523600,,,AMETHYSTS,SEASHELLS,10002,1,,,,TRUE
523700,,,AMETHYSTS,SEASHELLS,9996,1,,,,FALSE
524400,,,AMETHYSTS,SEASHELLS,9998,6,,,,TRUE
524500,,,AMETHYSTS,SEASHELLS,10005,2,,,,TRUE
524900,,,AMETHYSTS,SEASHELLS,9995,2,,,,TRUE
525100,,,AMETHYSTS,SEASHELLS,10002,1,,,,TRUE
525700,,,AMETHYSTS,SEASHELLS,9996,1,,,,FALSE
525900,,,AMETHYSTS,SEASHELLS,9998,3,,,,TRUE
526200,,,AMETHYSTS,SEASHELLS,10002,1,,,,TRUE
526400,,,AMETHYSTS,SEASHELLS,9996,2,,,,TRUE
527200,,,AMETHYSTS,SEASHELLS,10002,1,,,,TRUE
527300,,,AMETHYSTS,SEASHELLS,9998,1,,,,FALSE
527300,,,AMETHYSTS,SEASHELLS,9998,4,,,,FALSE
527400,,,AMETHYSTS,SEASHELLS,9998,1,,,,TRUE
530300,,,AMETHYSTS,SEASHELLS,10002,1,,,,TRUE
530700,,,AMETHYSTS,SEASHELLS,9998,1,,,,TRUE
531700,,,AMETHYSTS,SEASHELLS,10002,3,,,,FALSE
531900,,,AMETHYSTS,SEASHELLS,10004,2,,,,TRUE
532300,,,AMETHYSTS,SEASHELLS,9998,5,,,,FALSE
532300,,,AMETHYSTS,SEASHELLS,9998,1,,,,FALSE
532500,,,AMETHYSTS,SEASHELLS,9996,1,,,,FALSE
534100,,,AMETHYSTS,SEASHELLS,9996,1,,,,FALSE
535400,,,AMETHYSTS,SEASHELLS,9998,1,,,,TRUE
536000,,,AMETHYSTS,SEASHELLS,10002,1,,,,FALSE
536100,,,AMETHYSTS,SEASHELLS,10004,1,,,,TRUE
536100,,,AMETHYSTS,SEASHELLS,9998,6,,,,FALSE
536500,,,AMETHYSTS,SEASHELLS,9998,3,,,,TRUE
536800,,,AMETHYSTS,SEASHELLS,10002,1,,,,FALSE
536800,,,AMETHYSTS,SEASHELLS,10002,5,,,,FALSE
537200,,,AMETHYSTS,SEASHELLS,10005,3,,,,TRUE
537500,,,AMETHYSTS,SEASHELLS,9998,1,,,,FALSE
539300,,,AMETHYSTS,SEASHELLS,9998,1,,,,FALSE
539400,,,AMETHYSTS,SEASHELLS,9998,1,,,,FALSE
539600,,,AMETHYSTS,SEASHELLS,9998,1,,,,TRUE
539900,,,AMETHYSTS,SEASHELLS,10004,10,,,,FALSE
539900,,,AMETHYSTS,SEASHELLS,10004,1,,,,FALSE
540100,,,AMETHYSTS,SEASHELLS,10004,1,,,,FALSE
540500,,,AMETHYSTS,SEASHELLS,10002,1,,,,FALSE
540700,,,AMETHYSTS,SEASHELLS,10004,1,,,,FALSE
541200,,,AMETHYSTS,SEASHELLS,10005,1,,,,TRUE
541700,,,AMETHYSTS,SEASHELLS,9998,1,,,,TRUE
542200,,,AMETHYSTS,SEASHELLS,10002,4,,,,FALSE
542800,,,AMETHYSTS,SEASHELLS,10002,1,,,,FALSE
542900,,,AMETHYSTS,SEASHELLS,10002,2,,,,TRUE
544500,,,AMETHYSTS,SEASHELLS,9995,9,,,,FALSE
544500,,,AMETHYSTS,SEASHELLS,9995,1,,,,FALSE
545100,,,AMETHYSTS,SEASHELLS,9998,2,,,,FALSE
545200,,,AMETHYSTS,SEASHELLS,9996,2,,,,TRUE
546100,,,AMETHYSTS,SEASHELLS,10002,1,,,,FALSE
547700,,,AMETHYSTS,SEASHELLS,10002,1,,,,FALSE
547800,,,AMETHYSTS,SEASHELLS,10002,1,,,,TRUE
548000,,,AMETHYSTS,SEASHELLS,9996,1,,,,TRUE
548100,,,AMETHYSTS,SEASHELLS,10002,1,,,,TRUE
548400,,,AMETHYSTS,SEASHELLS,9996,1,,,,FALSE
548400,,,AMETHYSTS,SEASHELLS,9996,1,,,,FALSE
550600,,,AMETHYSTS,SEASHELLS,9998,1,,,,TRUE
550800,,,AMETHYSTS,SEASHELLS,10004,1,,,,TRUE
550900,,,AMETHYSTS,SEASHELLS,9996,1,,,,FALSE
551300,,,AMETHYSTS,SEASHELLS,9998,2,,,,TRUE
551300,,,AMETHYSTS,SEASHELLS,10002,2,,,,FALSE
551700,,,AMETHYSTS,SEASHELLS,10004,1,,,,FALSE
551900,,,AMETHYSTS,SEASHELLS,10004,1,,,,FALSE
551900,,,AMETHYSTS,SEASHELLS,10004,1,,,,FALSE
552800,,,AMETHYSTS,SEASHELLS,10002,1,,,,TRUE
553400,,,AMETHYSTS,SEASHELLS,9998,5,,,,FALSE
553900,,,AMETHYSTS,SEASHELLS,9995,1,,,,TRUE
554700,,,AMETHYSTS,SEASHELLS,10002,1,,,,FALSE
554800,,,AMETHYSTS,SEASHELLS,10002,1,,,,TRUE
555000,,,AMETHYSTS,SEASHELLS,9998,6,,,,FALSE
555300,,,AMETHYSTS,SEASHELLS,9996,1,,,,TRUE
555400,,,AMETHYSTS,SEASHELLS,10002,1,,,,FALSE
555500,,,AMETHYSTS,SEASHELLS,10002,1,,,,TRUE
555600,,,AMETHYSTS,SEASHELLS,9996,1,,,,FALSE
556400,,,AMETHYSTS,SEASHELLS,9998,1,,,,TRUE
556600,,,AMETHYSTS,SEASHELLS,10002,1,,,,TRUE
556700,,,AMETHYSTS,SEASHELLS,9996,2,,,,FALSE
556700,,,AMETHYSTS,SEASHELLS,9996,6,,,,FALSE
558000,,,AMETHYSTS,SEASHELLS,9998,1,,,,FALSE
558100,,,AMETHYSTS,SEASHELLS,9998,4,,,,TRUE
558700,,,AMETHYSTS,SEASHELLS,10002,4,,,,TRUE
559300,,,AMETHYSTS,SEASHELLS,9995,2,,,,TRUE
559800,,,AMETHYSTS,SEASHELLS,10002,1,,,,FALSE
560200,,,AMETHYSTS,SEASHELLS,10002,1,,,,TRUE
560600,,,AMETHYSTS,SEASHELLS,9995,1,,,,TRUE
560900,,,AMETHYSTS,SEASHELLS,10002,5,,,,FALSE
561200,,,AMETHYSTS,SEASHELLS,10002,3,,,,FALSE
561800,,,AMETHYSTS,SEASHELLS,10002,1,,,,TRUE
563400,,,AMETHYSTS,SEASHELLS,9998,3,,,,TRUE
563700,,,AMETHYSTS,SEASHELLS,10005,6,,,,FALSE
564500,,,AMETHYSTS,SEASHELLS,10002,3,,,,FALSE
564500,,,AMETHYSTS,SEASHELLS,10002,9,,,,TRUE
565600,,,AMETHYSTS,SEASHELLS,9995,1,,,,FALSE
566200,,,AMETHYSTS,SEASHELLS,9998,1,,,,FALSE
566700,,,AMETHYSTS,SEASHELLS,9998,3,,,,TRUE
566800,,,AMETHYSTS,SEASHELLS,10004,2,,,,FALSE
567000,,,AMETHYSTS,SEASHELLS,10004,1,,,,FALSE
567300,,,AMETHYSTS,SEASHELLS,10002,2,,,,FALSE
567400,,,AMETHYSTS,SEASHELLS,10002,5,,,,TRUE
567600,,,AMETHYSTS,SEASHELLS,9995,8,,,,FALSE
567700,,,AMETHYSTS,SEASHELLS,9995,2,,,,FALSE
567900,,,AMETHYSTS,SEASHELLS,9998,4,,,,TRUE
568700,,,AMETHYSTS,SEASHELLS,10002,1,,,,FALSE
569200,,,AMETHYSTS,SEASHELLS,10002,1,,,,TRUE
570200,,,AMETHYSTS,SEASHELLS,9998,9,,,,FALSE
570200,,,AMETHYSTS,SEASHELLS,9998,3,,,,FALSE
570700,,,AMETHYSTS,SEASHELLS,9996,1,,,,FALSE
570700,,,AMETHYSTS,SEASHELLS,9996,1,,,,FALSE
570800,,,AMETHYSTS,SEASHELLS,9998,1,,,,FALSE
571500,,,AMETHYSTS,SEASHELLS,9998,1,,,,TRUE
571900,,,AMETHYSTS,SEASHELLS,10002,2,,,,FALSE
572000,,,AMETHYSTS,SEASHELLS,10004,1,,,,TRUE
572400,,,AMETHYSTS,SEASHELLS,9998,1,,,,FALSE
572600,,,AMETHYSTS,SEASHELLS,9995,1,,,,TRUE
573000,,,AMETHYSTS,SEASHELLS,10004,2,,,,TRUE
574000,,,AMETHYSTS,SEASHELLS,9996,2,,,,FALSE
574000,,,AMETHYSTS,SEASHELLS,9996,5,,,,TRUE
574000,,,AMETHYSTS,SEASHELLS,10002,1,,,,FALSE
574300,,,AMETHYSTS,SEASHELLS,10002,2,,,,TRUE
574500,,,AMETHYSTS,SEASHELLS,9996,2,,,,TRUE
574700,,,AMETHYSTS,SEASHELLS,10005,10,,,,FALSE
574700,,,AMETHYSTS,SEASHELLS,10002,5,,,,FALSE
574900,,,AMETHYSTS,SEASHELLS,10002,1,,,,TRUE
575200,,,AMETHYSTS,SEASHELLS,9998,1,,,,FALSE
575500,,,AMETHYSTS,SEASHELLS,9998,1,,,,FALSE
575900,,,AMETHYSTS,SEASHELLS,9998,1,,,,FALSE
576000,,,AMETHYSTS,SEASHELLS,9998,1,,,,FALSE
576200,,,AMETHYSTS,SEASHELLS,9998,1,,,,FALSE
576300,,,AMETHYSTS,SEASHELLS,9998,2,,,,FALSE
576300,,,AMETHYSTS,SEASHELLS,9998,2,,,,TRUE
576700,,,AMETHYSTS,SEASHELLS,10005,10,,,,TRUE
576700,,,AMETHYSTS,SEASHELLS,9998,1,,,,TRUE
577000,,,AMETHYSTS,SEASHELLS,10004,2,,,,TRUE
578200,,,AMETHYSTS,SEASHELLS,9998,1,,,,FALSE
578400,,,AMETHYSTS,SEASHELLS,9995,1,,,,FALSE
578900,,,AMETHYSTS,SEASHELLS,9998,1,,,,FALSE
579800,,,AMETHYSTS,SEASHELLS,9998,1,,,,TRUE
579800,,,AMETHYSTS,SEASHELLS,10002,1,,,,FALSE
579900,,,AMETHYSTS,SEASHELLS,10002,3,,,,FALSE
580700,,,AMETHYSTS,SEASHELLS,10002,1,,,,FALSE
580900,,,AMETHYSTS,SEASHELLS,10002,1,,,,FALSE
581200,,,AMETHYSTS,SEASHELLS,10004,1,,,,FALSE
581300,,,AMETHYSTS,SEASHELLS,10004,2,,,,TRUE
582800,,,AMETHYSTS,SEASHELLS,9998,1,,,,FALSE
582800,,,AMETHYSTS,SEASHELLS,9998,4,,,,TRUE
583600,,,AMETHYSTS,SEASHELLS,10002,1,,,,TRUE
583700,,,AMETHYSTS,SEASHELLS,9996,2,,,,TRUE
585000,,,AMETHYSTS,SEASHELLS,10002,1,,,,FALSE
585500,,,AMETHYSTS,SEASHELLS,10004,2,,,,FALSE
585700,,,AMETHYSTS,SEASHELLS,10002,1,,,,FALSE
586200,,,AMETHYSTS,SEASHELLS,10005,1,,,,TRUE
586300,,,AMETHYSTS,SEASHELLS,9998,1,,,,TRUE
586500,,,AMETHYSTS,SEASHELLS,10005,1,,,,FALSE
586700,,,AMETHYSTS,SEASHELLS,10005,11,,,,FALSE
587200,,,AMETHYSTS,SEASHELLS,10004,1,,,,TRUE
587500,,,AMETHYSTS,SEASHELLS,9998,1,,,,TRUE
588700,,,AMETHYSTS,SEASHELLS,10002,1,,,,TRUE
588800,,,AMETHYSTS,SEASHELLS,9998,1,,,,TRUE
589000,,,AMETHYSTS,SEASHELLS,10002,3,,,,TRUE
589900,,,AMETHYSTS,SEASHELLS,9998,1,,,,TRUE
590100,,,AMETHYSTS,SEASHELLS,10004,2,,,,TRUE
590400,,,AMETHYSTS,SEASHELLS,9998,1,,,,TRUE
590600,,,AMETHYSTS,SEASHELLS,10002,1,,,,TRUE
591000,,,AMETHYSTS,SEASHELLS,9998,1,,,,FALSE
591000,,,AMETHYSTS,SEASHELLS,9998,1,,,,TRUE
591400,,,AMETHYSTS,SEASHELLS,10002,1,,,,FALSE
591900,,,AMETHYSTS,SEASHELLS,10002,1,,,,TRUE
592200,,,AMETHYSTS,SEASHELLS,9998,1,,,,FALSE
592300,,,AMETHYSTS,SEASHELLS,9998,1,,,,TRUE
592400,,,AMETHYSTS,SEASHELLS,10002,1,,,,FALSE
592500,,,AMETHYSTS,SEASHELLS,10004,2,,,,FALSE
592900,,,AMETHYSTS,SEASHELLS,10004,1,,,,FALSE
593100,,,AMETHYSTS,SEASHELLS,10002,1,,,,TRUE
593100,,,AMETHYSTS,SEASHELLS,10000,1,,,,TRUE
593300,,,AMETHYSTS,SEASHELLS,10004,2,,,,TRUE
594000,,,AMETHYSTS,SEASHELLS,9998,4,,,,TRUE
594800,,,AMETHYSTS,SEASHELLS,10004,2,,,,FALSE
594800,,,AMETHYSTS,SEASHELLS,10005,2,,,,FALSE
594900,,,AMETHYSTS,SEASHELLS,10002,1,,,,FALSE
595200,,,AMETHYSTS,SEASHELLS,10002,3,,,,TRUE
595300,,,AMETHYSTS,SEASHELLS,10000,1,,,,TRUE
595500,,,AMETHYSTS,SEASHELLS,10004,1,,,,TRUE
595800,,,AMETHYSTS,SEASHELLS,9998,1,,,,TRUE
596600,,,AMETHYSTS,SEASHELLS,10004,1,,,,TRUE
596900,,,AMETHYSTS,SEASHELLS,9998,1,,,,TRUE
597200,,,AMETHYSTS,SEASHELLS,10002,1,,,,TRUE
597600,,,AMETHYSTS,SEASHELLS,9995,11,,,,TRUE
598000,,,AMETHYSTS,SEASHELLS,10002,1,,,,FALSE
598100,,,AMETHYSTS,SEASHELLS,10004,8,,,,FALSE
598100,,,AMETHYSTS,SEASHELLS,10004,2,,,,FALSE
598700,,,AMETHYSTS,SEASHELLS,10002,1,,,,TRUE
599000,,,AMETHYSTS,SEASHELLS,9995,2,,,,TRUE
599100,,,AMETHYSTS,SEASHELLS,10004,1,,,,TRUE
599300,,,AMETHYSTS,SEASHELLS,9998,2,,,,FALSE
599500,,,AMETHYSTS,SEASHELLS,9998,2,,,,TRUE
599700,,,AMETHYSTS,SEASHELLS,10004,1,,,,FALSE
599700,,,AMETHYSTS,SEASHELLS,10004,1,,,,FALSE
600200,,,AMETHYSTS,SEASHELLS,10002,1,,,,TRUE
600400,,,AMETHYSTS,SEASHELLS,9998,1,,,,FALSE
600500,,,AMETHYSTS,SEASHELLS,9998,8,,,,TRUE
601500,,,AMETHYSTS,SEASHELLS,10002,1,,,,TRUE
601500,,,AMETHYSTS,SEASHELLS,10000,4,,,,TRUE
601600,,,AMETHYSTS,SEASHELLS,10004,1,,,,TRUE
601700,,,AMETHYSTS,SEASHELLS,9998,2,,,,TRUE
602700,,,AMETHYSTS,SEASHELLS,10004,1,,,,TRUE
602900,,,AMETHYSTS,SEASHELLS,9995,6,,,,FALSE
604700,,,AMETHYSTS,SEASHELLS,9998,1,,,,FALSE
605200,,,AMETHYSTS,SEASHELLS,9996,2,,,,TRUE
605700,,,AMETHYSTS,SEASHELLS,10004,1,,,,FALSE
607200,,,AMETHYSTS,SEASHELLS,10004,5,,,,FALSE
607200,,,AMETHYSTS,SEASHELLS,10004,6,,,,FALSE
607200,,,AMETHYSTS,SEASHELLS,10004,1,,,,FALSE
607600,,,AMETHYSTS,SEASHELLS,10005,4,,,,FALSE
607700,,,AMETHYSTS,SEASHELLS,10002,5,,,,TRUE
608400,,,AMETHYSTS,SEASHELLS,9995,2,,,,TRUE
609000,,,AMETHYSTS,SEASHELLS,10002,2,,,,TRUE
609900,,,AMETHYSTS,SEASHELLS,9996,1,,,,FALSE
610200,,,AMETHYSTS,SEASHELLS,9998,1,,,,TRUE
610400,,,AMETHYSTS,SEASHELLS,10005,2,,,,TRUE
610800,,,AMETHYSTS,SEASHELLS,10000,1,,,,TRUE
611400,,,AMETHYSTS,SEASHELLS,10002,1,,,,FALSE
611400,,,AMETHYSTS,SEASHELLS,10002,3,,,,FALSE
611600,,,AMETHYSTS,SEASHELLS,10002,5,,,,TRUE
611700,,,AMETHYSTS,SEASHELLS,9995,6,,,,FALSE
611900,,,AMETHYSTS,SEASHELLS,9998,8,,,,FALSE
612500,,,AMETHYSTS,SEASHELLS,9998,4,,,,FALSE
612500,,,AMETHYSTS,SEASHELLS,9998,1,,,,FALSE
612900,,,AMETHYSTS,SEASHELLS,9995,1,,,,TRUE
614000,,,AMETHYSTS,SEASHELLS,10005,1,,,,TRUE
614200,,,AMETHYSTS,SEASHELLS,9998,1,,,,FALSE
614800,,,AMETHYSTS,SEASHELLS,9998,1,,,,TRUE
614800,,,AMETHYSTS,SEASHELLS,10000,2,,,,TRUE
615100,,,AMETHYSTS,SEASHELLS,10005,2,,,,FALSE
615300,,,AMETHYSTS,SEASHELLS,10004,2,,,,FALSE
615400,,,AMETHYSTS,SEASHELLS,10002,1,,,,FALSE
617400,,,AMETHYSTS,SEASHELLS,10002,1,,,,FALSE
617700,,,AMETHYSTS,SEASHELLS,10002,2,,,,FALSE
617700,,,AMETHYSTS,SEASHELLS,10002,6,,,,TRUE
618500,,,AMETHYSTS,SEASHELLS,9998,3,,,,TRUE
619000,,,AMETHYSTS,SEASHELLS,10002,1,,,,TRUE
619400,,,AMETHYSTS,SEASHELLS,9998,1,,,,FALSE
621000,,,AMETHYSTS,SEASHELLS,9998,1,,,,FALSE
621300,,,AMETHYSTS,SEASHELLS,9998,1,,,,TRUE
622200,,,AMETHYSTS,SEASHELLS,10002,2,,,,TRUE
622300,,,AMETHYSTS,SEASHELLS,9996,1,,,,TRUE
622700,,,AMETHYSTS,SEASHELLS,10004,2,,,,FALSE
623100,,,AMETHYSTS,SEASHELLS,10002,1,,,,TRUE
623600,,,AMETHYSTS,SEASHELLS,9996,1,,,,TRUE
624700,,,AMETHYSTS,SEASHELLS,10002,1,,,,FALSE
624800,,,AMETHYSTS,SEASHELLS,10002,1,,,,FALSE
625000,,,AMETHYSTS,SEASHELLS,10002,4,,,,TRUE
625500,,,AMETHYSTS,SEASHELLS,9998,1,,,,TRUE
625700,,,AMETHYSTS,SEASHELLS,10002,2,,,,FALSE
625800,,,AMETHYSTS,SEASHELLS,10005,1,,,,TRUE
626700,,,AMETHYSTS,SEASHELLS,9998,1,,,,TRUE
626800,,,AMETHYSTS,SEASHELLS,10004,1,,,,FALSE
627600,,,AMETHYSTS,SEASHELLS,10002,3,,,,FALSE
627600,,,AMETHYSTS,SEASHELLS,10002,1,,,,FALSE
627600,,,AMETHYSTS,SEASHELLS,10002,1,,,,TRUE
627800,,,AMETHYSTS,SEASHELLS,9996,1,,,,FALSE
628300,,,AMETHYSTS,SEASHELLS,9996,1,,,,FALSE
628700,,,AMETHYSTS,SEASHELLS,9995,2,,,,TRUE
629200,,,AMETHYSTS,SEASHELLS,10002,1,,,,TRUE
629900,,,AMETHYSTS,SEASHELLS,9998,2,,,,FALSE
630100,,,AMETHYSTS,SEASHELLS,9995,1,,,,TRUE
630300,,,AMETHYSTS,SEASHELLS,10005,2,,,,TRUE
630400,,,AMETHYSTS,SEASHELLS,9998,1,,,,TRUE
632100,,,AMETHYSTS,SEASHELLS,10004,2,,,,FALSE
632800,,,AMETHYSTS,SEASHELLS,10002,1,,,,TRUE
633100,,,AMETHYSTS,SEASHELLS,9998,1,,,,TRUE
633700,,,AMETHYSTS,SEASHELLS,10004,1,,,,FALSE
634000,,,AMETHYSTS,SEASHELLS,10002,1,,,,FALSE
634100,,,AMETHYSTS,SEASHELLS,10002,1,,,,FALSE
634400,,,AMETHYSTS,SEASHELLS,10004,1,,,,FALSE
636000,,,AMETHYSTS,SEASHELLS,10002,1,,,,TRUE
637500,,,AMETHYSTS,SEASHELLS,9996,1,,,,TRUE
637900,,,AMETHYSTS,SEASHELLS,10004,1,,,,FALSE
637900,,,AMETHYSTS,SEASHELLS,10004,1,,,,TRUE
638200,,,AMETHYSTS,SEASHELLS,9998,2,,,,FALSE
639900,,,AMETHYSTS,SEASHELLS,9998,1,,,,FALSE
640400,,,AMETHYSTS,SEASHELLS,9998,4,,,,FALSE
641100,,,AMETHYSTS,SEASHELLS,9998,1,,,,FALSE
641700,,,AMETHYSTS,SEASHELLS,9998,1,,,,TRUE
641700,,,AMETHYSTS,SEASHELLS,10002,7,,,,FALSE
641800,,,AMETHYSTS,SEASHELLS,10005,7,,,,FALSE
642000,,,AMETHYSTS,SEASHELLS,10002,1,,,,FALSE
642700,,,AMETHYSTS,SEASHELLS,10004,2,,,,FALSE
642700,,,AMETHYSTS,SEASHELLS,10005,2,,,,FALSE
642700,,,AMETHYSTS,SEASHELLS,10004,2,,,,FALSE
643400,,,AMETHYSTS,SEASHELLS,10002,4,,,,FALSE
643400,,,AMETHYSTS,SEASHELLS,10002,1,,,,TRUE
643600,,,AMETHYSTS,SEASHELLS,9996,1,,,,TRUE
644100,,,AMETHYSTS,SEASHELLS,10005,7,,,,TRUE
644500,,,AMETHYSTS,SEASHELLS,9998,1,,,,FALSE
644600,,,AMETHYSTS,SEASHELLS,9996,1,,,,TRUE
644800,,,AMETHYSTS,SEASHELLS,10002,1,,,,TRUE
645400,,,AMETHYSTS,SEASHELLS,9996,1,,,,FALSE
645400,,,AMETHYSTS,SEASHELLS,9996,3,,,,FALSE
646800,,,AMETHYSTS,SEASHELLS,9998,1,,,,FALSE
646900,,,AMETHYSTS,SEASHELLS,9998,1,,,,TRUE
647300,,,AMETHYSTS,SEASHELLS,10002,2,,,,FALSE
647300,,,AMETHYSTS,SEASHELLS,10002,2,,,,FALSE
647400,,,AMETHYSTS,SEASHELLS,10002,1,,,,TRUE
648300,,,AMETHYSTS,SEASHELLS,9998,1,,,,FALSE
648600,,,AMETHYSTS,SEASHELLS,9998,1,,,,FALSE
650000,,,AMETHYSTS,SEASHELLS,9998,1,,,,TRUE
650300,,,AMETHYSTS,SEASHELLS,10004,1,,,,TRUE
650400,,,AMETHYSTS,SEASHELLS,9998,6,,,,TRUE
651000,,,AMETHYSTS,SEASHELLS,10005,2,,,,FALSE
651200,,,AMETHYSTS,SEASHELLS,10002,1,,,,FALSE
651300,,,AMETHYSTS,SEASHELLS,10002,1,,,,TRUE
651500,,,AMETHYSTS,SEASHELLS,9998,5,,,,FALSE
652000,,,AMETHYSTS,SEASHELLS,9998,1,,,,FALSE
652500,,,AMETHYSTS,SEASHELLS,9998,1,,,,TRUE
652800,,,AMETHYSTS,SEASHELLS,10002,1,,,,FALSE
653000,,,AMETHYSTS,SEASHELLS,10002,3,,,,FALSE
654400,,,AMETHYSTS,SEASHELLS,10004,2,,,,TRUE
655900,,,AMETHYSTS,SEASHELLS,9996,2,,,,FALSE
656000,,,AMETHYSTS,SEASHELLS,9996,1,,,,TRUE
656200,,,AMETHYSTS,SEASHELLS,10004,10,,,,FALSE
656200,,,AMETHYSTS,SEASHELLS,10004,2,,,,FALSE
656300,,,AMETHYSTS,SEASHELLS,10002,1,,,,TRUE
656400,,,AMETHYSTS,SEASHELLS,9998,1,,,,TRUE
657400,,,AMETHYSTS,SEASHELLS,10002,1,,,,TRUE
658000,,,AMETHYSTS,SEASHELLS,9996,2,,,,FALSE
658000,,,AMETHYSTS,SEASHELLS,9996,2,,,,TRUE
658300,,,AMETHYSTS,SEASHELLS,10004,2,,,,FALSE
658300,,,AMETHYSTS,SEASHELLS,10004,1,,,,TRUE
659300,,,AMETHYSTS,SEASHELLS,9998,5,,,,FALSE
659300,,,AMETHYSTS,SEASHELLS,9998,6,,,,TRUE
659500,,,AMETHYSTS,SEASHELLS,10005,1,,,,FALSE
660200,,,AMETHYSTS,SEASHELLS,10002,4,,,,FALSE
660500,,,AMETHYSTS,SEASHELLS,10002,1,,,,TRUE
661100,,,AMETHYSTS,SEASHELLS,9995,2,,,,TRUE
661400,,,AMETHYSTS,SEASHELLS,10002,1,,,,FALSE
661800,,,AMETHYSTS,SEASHELLS,10002,1,,,,FALSE
662600,,,AMETHYSTS,SEASHELLS,10005,2,,,,TRUE
662700,,,AMETHYSTS,SEASHELLS,9996,2,,,,FALSE
662900,,,AMETHYSTS,SEASHELLS,9998,1,,,,TRUE
663000,,,AMETHYSTS,SEASHELLS,10005,2,,,,FALSE
663200,,,AMETHYSTS,SEASHELLS,10002,1,,,,TRUE
663600,,,AMETHYSTS,SEASHELLS,9998,1,,,,TRUE
664700,,,AMETHYSTS,SEASHELLS,10005,2,,,,TRUE
664900,,,AMETHYSTS,SEASHELLS,9995,2,,,,TRUE
665000,,,AMETHYSTS,SEASHELLS,10002,2,,,,TRUE
665300,,,AMETHYSTS,SEASHELLS,9998,5,,,,FALSE
665400,,,AMETHYSTS,SEASHELLS,9995,2,,,,TRUE
665500,,,AMETHYSTS,SEASHELLS,10002,1,,,,FALSE
665700,,,AMETHYSTS,SEASHELLS,10005,2,,,,TRUE
666400,,,AMETHYSTS,SEASHELLS,9996,1,,,,TRUE
666600,,,AMETHYSTS,SEASHELLS,10002,1,,,,TRUE
666800,,,AMETHYSTS,SEASHELLS,9995,7,,,,FALSE
666900,,,AMETHYSTS,SEASHELLS,9996,1,,,,TRUE
667800,,,AMETHYSTS,SEASHELLS,10002,5,,,,TRUE
667900,,,AMETHYSTS,SEASHELLS,9998,4,,,,TRUE
668000,,,AMETHYSTS,SEASHELLS,10004,1,,,,FALSE
668300,,,AMETHYSTS,SEASHELLS,10004,2,,,,FALSE
668400,,,AMETHYSTS,SEASHELLS,10002,4,,,,FALSE
668700,,,AMETHYSTS,SEASHELLS,10002,1,,,,FALSE
669600,,,AMETHYSTS,SEASHELLS,10004,1,,,,TRUE
669800,,,AMETHYSTS,SEASHELLS,9998,2,,,,TRUE
670800,,,AMETHYSTS,SEASHELLS,10002,1,,,,FALSE
671600,,,AMETHYSTS,SEASHELLS,10002,1,,,,TRUE
672200,,,AMETHYSTS,SEASHELLS,9998,1,,,,FALSE
672400,,,AMETHYSTS,SEASHELLS,9998,3,,,,FALSE
673700,,,AMETHYSTS,SEASHELLS,9995,2,,,,TRUE
674600,,,AMETHYSTS,SEASHELLS,10004,2,,,,TRUE
674800,,,AMETHYSTS,SEASHELLS,9998,4,,,,FALSE
674800,,,AMETHYSTS,SEASHELLS,9998,4,,,,TRUE
675900,,,AMETHYSTS,SEASHELLS,10004,2,,,,TRUE
676100,,,AMETHYSTS,SEASHELLS,9998,1,,,,TRUE
676200,,,AMETHYSTS,SEASHELLS,10002,1,,,,FALSE
676500,,,AMETHYSTS,SEASHELLS,10002,3,,,,FALSE
676500,,,AMETHYSTS,SEASHELLS,10002,1,,,,TRUE
676800,,,AMETHYSTS,SEASHELLS,9995,3,,,,TRUE
676900,,,AMETHYSTS,SEASHELLS,10002,1,,,,TRUE
677100,,,AMETHYSTS,SEASHELLS,9995,7,,,,TRUE
677300,,,AMETHYSTS,SEASHELLS,10002,3,,,,TRUE
677900,,,AMETHYSTS,SEASHELLS,9998,1,,,,TRUE
678000,,,AMETHYSTS,SEASHELLS,10004,1,,,,FALSE
678300,,,AMETHYSTS,SEASHELLS,10002,2,,,,TRUE
678400,,,AMETHYSTS,SEASHELLS,9998,1,,,,TRUE
678800,,,AMETHYSTS,SEASHELLS,10002,3,,,,FALSE
679000,,,AMETHYSTS,SEASHELLS,10004,1,,,,TRUE
679200,,,AMETHYSTS,SEASHELLS,9998,3,,,,FALSE
679200,,,AMETHYSTS,SEASHELLS,9998,4,,,,FALSE
679300,,,AMETHYSTS,SEASHELLS,9996,1,,,,FALSE
679300,,,AMETHYSTS,SEASHELLS,9996,1,,,,TRUE
679500,,,AMETHYSTS,SEASHELLS,10002,3,,,,TRUE
680400,,,AMETHYSTS,SEASHELLS,9998,1,,,,TRUE
680500,,,AMETHYSTS,SEASHELLS,10005,1,,,,TRUE
681600,,,AMETHYSTS,SEASHELLS,9996,1,,,,FALSE
681600,,,AMETHYSTS,SEASHELLS,9996,1,,,,TRUE
681700,,,AMETHYSTS,SEASHELLS,10002,1,,,,FALSE
682900,,,AMETHYSTS,SEASHELLS,10004,7,,,,FALSE
682900,,,AMETHYSTS,SEASHELLS,10004,1,,,,TRUE
683000,,,AMETHYSTS,SEASHELLS,9998,1,,,,FALSE
683100,,,AMETHYSTS,SEASHELLS,9998,1,,,,FALSE
683300,,,AMETHYSTS,SEASHELLS,9998,1,,,,TRUE
683500,,,AMETHYSTS,SEASHELLS,10002,1,,,,TRUE
685600,,,AMETHYSTS,SEASHELLS,9998,1,,,,TRUE
686500,,,AMETHYSTS,SEASHELLS,10002,4,,,,FALSE
687100,,,AMETHYSTS,SEASHELLS,10002,9,,,,FALSE
687100,,,AMETHYSTS,SEASHELLS,10002,1,,,,TRUE
687300,,,AMETHYSTS,SEASHELLS,9998,1,,,,FALSE
687400,,,AMETHYSTS,SEASHELLS,9996,1,,,,FALSE
687400,,,AMETHYSTS,SEASHELLS,9996,1,,,,TRUE
688200,,,AMETHYSTS,SEASHELLS,10002,1,,,,TRUE
688300,,,AMETHYSTS,SEASHELLS,9996,2,,,,FALSE
689200,,,AMETHYSTS,SEASHELLS,9998,1,,,,TRUE
690200,,,AMETHYSTS,SEASHELLS,10002,1,,,,TRUE
690300,,,AMETHYSTS,SEASHELLS,9996,2,,,,FALSE
690300,,,AMETHYSTS,SEASHELLS,9996,4,,,,FALSE
690800,,,AMETHYSTS,SEASHELLS,9996,2,,,,FALSE
690800,,,AMETHYSTS,SEASHELLS,9996,2,,,,FALSE
691100,,,AMETHYSTS,SEASHELLS,9998,1,,,,TRUE
691900,,,AMETHYSTS,SEASHELLS,10005,2,,,,TRUE
692500,,,AMETHYSTS,SEASHELLS,9998,1,,,,FALSE
692800,,,AMETHYSTS,SEASHELLS,9996,1,,,,FALSE
692800,,,AMETHYSTS,SEASHELLS,9996,7,,,,FALSE
693200,,,AMETHYSTS,SEASHELLS,9998,1,,,,FALSE
694500,,,AMETHYSTS,SEASHELLS,9998,1,,,,TRUE
694800,,,AMETHYSTS,SEASHELLS,10005,1,,,,TRUE
696000,,,AMETHYSTS,SEASHELLS,9996,2,,,,FALSE
696100,,,AMETHYSTS,SEASHELLS,9998,1,,,,TRUE
696800,,,AMETHYSTS,SEASHELLS,10004,2,,,,FALSE
697300,,,AMETHYSTS,SEASHELLS,10002,5,,,,TRUE
697600,,,AMETHYSTS,SEASHELLS,9996,1,,,,FALSE
699100,,,AMETHYSTS,SEASHELLS,9996,1,,,,FALSE
699400,,,AMETHYSTS,SEASHELLS,9998,8,,,,FALSE
699500,,,AMETHYSTS,SEASHELLS,9998,1,,,,TRUE
699700,,,AMETHYSTS,SEASHELLS,10004,1,,,,FALSE
699700,,,AMETHYSTS,SEASHELLS,10004,2,,,,FALSE
700100,,,AMETHYSTS,SEASHELLS,10002,6,,,,FALSE
700300,,,AMETHYSTS,SEASHELLS,10005,6,,,,FALSE
700400,,,AMETHYSTS,SEASHELLS,10002,2,,,,TRUE
700600,,,AMETHYSTS,SEASHELLS,9995,1,,,,FALSE
700700,,,AMETHYSTS,SEASHELLS,9998,1,,,,TRUE
700900,,,AMETHYSTS,SEASHELLS,10004,1,,,,FALSE
701200,,,AMETHYSTS,SEASHELLS,10002,1,,,,FALSE
701300,,,AMETHYSTS,SEASHELLS,10004,1,,,,FALSE
701400,,,AMETHYSTS,SEASHELLS,10004,1,,,,TRUE
703100,,,AMETHYSTS,SEASHELLS,9996,2,,,,FALSE
703600,,,AMETHYSTS,SEASHELLS,9996,2,,,,TRUE
703700,,,AMETHYSTS,SEASHELLS,10004,2,,,,TRUE
703900,,,AMETHYSTS,SEASHELLS,9996,1,,,,FALSE
703900,,,AMETHYSTS,SEASHELLS,9996,7,,,,TRUE
705100,,,AMETHYSTS,SEASHELLS,10004,1,,,,FALSE
705100,,,AMETHYSTS,SEASHELLS,10004,1,,,,TRUE
705200,,,AMETHYSTS,SEASHELLS,9998,3,,,,FALSE
705500,,,AMETHYSTS,SEASHELLS,9995,1,,,,FALSE
705700,,,AMETHYSTS,SEASHELLS,9998,4,,,,FALSE
705700,,,AMETHYSTS,SEASHELLS,9998,1,,,,TRUE
705800,,,AMETHYSTS,SEASHELLS,10004,1,,,,FALSE
707000,,,AMETHYSTS,SEASHELLS,10004,1,,,,TRUE
707400,,,AMETHYSTS,SEASHELLS,9998,1,,,,FALSE
707600,,,AMETHYSTS,SEASHELLS,9998,1,,,,FALSE
707600,,,AMETHYSTS,SEASHELLS,9998,1,,,,TRUE
707800,,,AMETHYSTS,SEASHELLS,10002,4,,,,FALSE
707900,,,AMETHYSTS,SEASHELLS,10004,1,,,,TRUE
708200,,,AMETHYSTS,SEASHELLS,9996,1,,,,TRUE
708700,,,AMETHYSTS,SEASHELLS,10002,4,,,,TRUE
709200,,,AMETHYSTS,SEASHELLS,9998,1,,,,TRUE
709400,,,AMETHYSTS,SEASHELLS,10004,1,,,,FALSE
709500,,,AMETHYSTS,SEASHELLS,10005,1,,,,TRUE
709600,,,AMETHYSTS,SEASHELLS,9998,1,,,,FALSE
709800,,,AMETHYSTS,SEASHELLS,9998,1,,,,FALSE
709900,,,AMETHYSTS,SEASHELLS,9998,1,,,,FALSE
710500,,,AMETHYSTS,SEASHELLS,9996,1,,,,TRUE
711100,,,AMETHYSTS,SEASHELLS,10002,1,,,,FALSE
711300,,,AMETHYSTS,SEASHELLS,10002,1,,,,FALSE
711500,,,AMETHYSTS,SEASHELLS,10004,1,,,,TRUE
711600,,,AMETHYSTS,SEASHELLS,9998,1,,,,FALSE
711600,,,AMETHYSTS,SEASHELLS,9995,2,,,,TRUE
712100,,,AMETHYSTS,SEASHELLS,10004,2,,,,FALSE
712400,,,AMETHYSTS,SEASHELLS,10002,2,,,,TRUE
712700,,,AMETHYSTS,SEASHELLS,9998,1,,,,TRUE
713100,,,AMETHYSTS,SEASHELLS,10002,1,,,,TRUE
713200,,,AMETHYSTS,SEASHELLS,9996,2,,,,TRUE
713400,,,AMETHYSTS,SEASHELLS,10002,1,,,,FALSE
714100,,,AMETHYSTS,SEASHELLS,10002,2,,,,FALSE
714200,,,AMETHYSTS,SEASHELLS,10005,9,,,,TRUE
715500,,,AMETHYSTS,SEASHELLS,9996,2,,,,FALSE
715900,,,AMETHYSTS,SEASHELLS,9998,1,,,,TRUE
716600,,,AMETHYSTS,SEASHELLS,10005,12,,,,TRUE
717000,,,AMETHYSTS,SEASHELLS,9996,1,,,,TRUE
717300,,,AMETHYSTS,SEASHELLS,10002,1,,,,TRUE
718200,,,AMETHYSTS,SEASHELLS,9998,1,,,,TRUE
718700,,,AMETHYSTS,SEASHELLS,10005,2,,,,FALSE
718900,,,AMETHYSTS,SEASHELLS,10002,1,,,,FALSE
719200,,,AMETHYSTS,SEASHELLS,10002,1,,,,FALSE
719300,,,AMETHYSTS,SEASHELLS,10002,1,,,,TRUE
720000,,,AMETHYSTS,SEASHELLS,9998,1,,,,TRUE
720400,,,AMETHYSTS,SEASHELLS,10004,1,,,,TRUE
720900,,,AMETHYSTS,SEASHELLS,9998,1,,,,TRUE
721100,,,AMETHYSTS,SEASHELLS,10002,1,,,,FALSE
721600,,,AMETHYSTS,SEASHELLS,10004,1,,,,FALSE
722000,,,AMETHYSTS,SEASHELLS,10002,5,,,,TRUE
722600,,,AMETHYSTS,SEASHELLS,9998,2,,,,FALSE
722900,,,AMETHYSTS,SEASHELLS,9996,2,,,,FALSE
723000,,,AMETHYSTS,SEASHELLS,9995,2,,,,FALSE
723100,,,AMETHYSTS,SEASHELLS,9996,2,,,,FALSE
723300,,,AMETHYSTS,SEASHELLS,9995,2,,,,TRUE
723400,,,AMETHYSTS,SEASHELLS,10005,1,,,,FALSE
723500,,,AMETHYSTS,SEASHELLS,10002,1,,,,TRUE
723800,,,AMETHYSTS,SEASHELLS,9995,1,,,,FALSE
724000,,,AMETHYSTS,SEASHELLS,9998,1,,,,TRUE
724100,,,AMETHYSTS,SEASHELLS,10005,2,,,,TRUE
724600,,,AMETHYSTS,SEASHELLS,9996,1,,,,FALSE
724900,,,AMETHYSTS,SEASHELLS,9996,1,,,,TRUE
727000,,,AMETHYSTS,SEASHELLS,10002,4,,,,TRUE
727700,,,AMETHYSTS,SEASHELLS,9998,1,,,,FALSE
727800,,,AMETHYSTS,SEASHELLS,9998,1,,,,FALSE
728600,,,AMETHYSTS,SEASHELLS,9996,1,,,,FALSE
729300,,,AMETHYSTS,SEASHELLS,9998,3,,,,TRUE
729800,,,AMETHYSTS,SEASHELLS,10002,1,,,,TRUE
730200,,,AMETHYSTS,SEASHELLS,9998,1,,,,FALSE
730400,,,AMETHYSTS,SEASHELLS,9998,1,,,,FALSE
730500,,,AMETHYSTS,SEASHELLS,9996,2,,,,FALSE
730500,,,AMETHYSTS,SEASHELLS,9996,2,,,,FALSE
730700,,,AMETHYSTS,SEASHELLS,9998,2,,,,TRUE
730700,,,AMETHYSTS,SEASHELLS,10004,1,,,,FALSE
730900,,,AMETHYSTS,SEASHELLS,10002,1,,,,FALSE
731200,,,AMETHYSTS,SEASHELLS,10002,2,,,,TRUE
732600,,,AMETHYSTS,SEASHELLS,9996,2,,,,FALSE
732800,,,AMETHYSTS,SEASHELLS,9998,1,,,,FALSE
733000,,,AMETHYSTS,SEASHELLS,9998,1,,,,TRUE
733200,,,AMETHYSTS,SEASHELLS,10004,1,,,,TRUE
733500,,,AMETHYSTS,SEASHELLS,9998,3,,,,FALSE
734300,,,AMETHYSTS,SEASHELLS,9998,1,,,,FALSE
734700,,,AMETHYSTS,SEASHELLS,9996,2,,,,TRUE
734700,,,AMETHYSTS,SEASHELLS,10002,1,,,,FALSE
734700,,,AMETHYSTS,SEASHELLS,10002,4,,,,TRUE
734700,,,AMETHYSTS,SEASHELLS,9996,8,,,,FALSE
734800,,,AMETHYSTS,SEASHELLS,9998,2,,,,FALSE
734800,,,AMETHYSTS,SEASHELLS,9998,2,,,,TRUE
734900,,,AMETHYSTS,SEASHELLS,10002,1,,,,TRUE
735600,,,AMETHYSTS,SEASHELLS,9998,1,,,,TRUE
735800,,,AMETHYSTS,SEASHELLS,10002,3,,,,TRUE
736000,,,AMETHYSTS,SEASHELLS,9998,1,,,,TRUE
736500,,,AMETHYSTS,SEASHELLS,10004,3,,,,FALSE
736500,,,AMETHYSTS,SEASHELLS,10004,1,,,,FALSE
736500,,,AMETHYSTS,SEASHELLS,10005,2,,,,FALSE
738700,,,AMETHYSTS,SEASHELLS,10004,1,,,,TRUE
738800,,,AMETHYSTS,SEASHELLS,9995,2,,,,FALSE
738900,,,AMETHYSTS,SEASHELLS,9996,1,,,,TRUE
739200,,,AMETHYSTS,SEASHELLS,10002,6,,,,TRUE
739400,,,AMETHYSTS,SEASHELLS,9998,1,,,,FALSE
740200,,,AMETHYSTS,SEASHELLS,9998,1,,,,FALSE
741300,,,AMETHYSTS,SEASHELLS,9998,1,,,,TRUE
741500,,,AMETHYSTS,SEASHELLS,10002,5,,,,TRUE
741900,,,AMETHYSTS,SEASHELLS,9998,1,,,,FALSE
742400,,,AMETHYSTS,SEASHELLS,9998,1,,,,TRUE
743100,,,AMETHYSTS,SEASHELLS,10004,2,,,,TRUE
743300,,,AMETHYSTS,SEASHELLS,9998,1,,,,FALSE
743500,,,AMETHYSTS,SEASHELLS,9996,4,,,,FALSE
743500,,,AMETHYSTS,SEASHELLS,9996,2,,,,TRUE
744500,,,AMETHYSTS,SEASHELLS,10004,1,,,,TRUE
744900,,,AMETHYSTS,SEASHELLS,9998,1,,,,FALSE
745200,,,AMETHYSTS,SEASHELLS,9996,1,,,,FALSE
745700,,,AMETHYSTS,SEASHELLS,9996,6,,,,FALSE
745700,,,AMETHYSTS,SEASHELLS,9996,1,,,,FALSE
745900,,,AMETHYSTS,SEASHELLS,9996,1,,,,FALSE
745900,,,AMETHYSTS,SEASHELLS,9996,7,,,,TRUE
746300,,,AMETHYSTS,SEASHELLS,10002,1,,,,FALSE
746300,,,AMETHYSTS,SEASHELLS,10002,3,,,,TRUE
747600,,,AMETHYSTS,SEASHELLS,9998,6,,,,FALSE
747600,,,AMETHYSTS,SEASHELLS,9998,5,,,,TRUE
747600,,,AMETHYSTS,SEASHELLS,10002,1,,,,FALSE
748100,,,AMETHYSTS,SEASHELLS,10005,2,,,,TRUE
748500,,,AMETHYSTS,SEASHELLS,9998,2,,,,TRUE
749100,,,AMETHYSTS,SEASHELLS,10002,4,,,,FALSE
750100,,,AMETHYSTS,SEASHELLS,10002,1,,,,FALSE
750200,,,AMETHYSTS,SEASHELLS,10004,2,,,,FALSE
750300,,,AMETHYSTS,SEASHELLS,10002,1,,,,FALSE
750600,,,AMETHYSTS,SEASHELLS,10002,1,,,,TRUE
751200,,,AMETHYSTS,SEASHELLS,9998,1,,,,FALSE
751300,,,AMETHYSTS,SEASHELLS,9996,1,,,,TRUE
751900,,,AMETHYSTS,SEASHELLS,10002,1,,,,FALSE
752200,,,AMETHYSTS,SEASHELLS,10005,1,,,,FALSE
752400,,,AMETHYSTS,SEASHELLS,10002,1,,,,FALSE
753700,,,AMETHYSTS,SEASHELLS,10005,5,,,,TRUE
753700,,,AMETHYSTS,SEASHELLS,9995,1,,,,TRUE
753800,,,AMETHYSTS,SEASHELLS,10002,4,,,,TRUE
753900,,,AMETHYSTS,SEASHELLS,9998,1,,,,TRUE
754000,,,AMETHYSTS,SEASHELLS,10004,2,,,,TRUE
754600,,,AMETHYSTS,SEASHELLS,9998,3,,,,FALSE
754800,,,AMETHYSTS,SEASHELLS,9996,7,,,,FALSE
754800,,,AMETHYSTS,SEASHELLS,9996,1,,,,TRUE
755500,,,AMETHYSTS,SEASHELLS,10004,1,,,,TRUE
755600,,,AMETHYSTS,SEASHELLS,9998,1,,,,TRUE
756200,,,AMETHYSTS,SEASHELLS,10002,1,,,,TRUE
756500,,,AMETHYSTS,SEASHELLS,9998,3,,,,FALSE
756800,,,AMETHYSTS,SEASHELLS,9998,1,,,,FALSE
757000,,,AMETHYSTS,SEASHELLS,9996,2,,,,FALSE
758300,,,AMETHYSTS,SEASHELLS,9996,2,,,,FALSE
759100,,,AMETHYSTS,SEASHELLS,9998,1,,,,TRUE
759200,,,AMETHYSTS,SEASHELLS,10004,1,,,,TRUE
759700,,,AMETHYSTS,SEASHELLS,9998,1,,,,FALSE
760200,,,AMETHYSTS,SEASHELLS,9996,9,,,,FALSE
760200,,,AMETHYSTS,SEASHELLS,9996,1,,,,FALSE
760700,,,AMETHYSTS,SEASHELLS,9996,1,,,,FALSE
760900,,,AMETHYSTS,SEASHELLS,9998,1,,,,FALSE
762200,,,AMETHYSTS,SEASHELLS,9996,1,,,,TRUE
762600,,,AMETHYSTS,SEASHELLS,10005,2,,,,FALSE
762700,,,AMETHYSTS,SEASHELLS,10002,3,,,,TRUE
763000,,,AMETHYSTS,SEASHELLS,9998,1,,,,TRUE
763400,,,AMETHYSTS,SEASHELLS,10004,2,,,,TRUE
763600,,,AMETHYSTS,SEASHELLS,9998,3,,,,FALSE
763700,,,AMETHYSTS,SEASHELLS,9996,7,,,,FALSE
763700,,,AMETHYSTS,SEASHELLS,9996,1,,,,FALSE
763900,,,AMETHYSTS,SEASHELLS,9998,1,,,,TRUE
764800,,,AMETHYSTS,SEASHELLS,10002,4,,,,TRUE
765200,,,AMETHYSTS,SEASHELLS,9998,5,,,,FALSE
766100,,,AMETHYSTS,SEASHELLS,9998,1,,,,TRUE
766500,,,AMETHYSTS,SEASHELLS,10002,1,,,,FALSE
767700,,,AMETHYSTS,SEASHELLS,10002,1,,,,FALSE
768400,,,AMETHYSTS,SEASHELLS,10002,2,,,,TRUE
769300,,,AMETHYSTS,SEASHELLS,9998,1,,,,TRUE
769800,,,AMETHYSTS,SEASHELLS,10002,1,,,,TRUE
770000,,,AMETHYSTS,SEASHELLS,9995,9,,,,FALSE
770100,,,AMETHYSTS,SEASHELLS,9998,4,,,,FALSE
772000,,,AMETHYSTS,SEASHELLS,9998,2,,,,FALSE
772800,,,AMETHYSTS,SEASHELLS,9998,1,,,,FALSE
773800,,,AMETHYSTS,SEASHELLS,9998,1,,,,FALSE
774000,,,AMETHYSTS,SEASHELLS,9998,1,,,,TRUE
775000,,,AMETHYSTS,SEASHELLS,10002,1,,,,TRUE
775500,,,AMETHYSTS,SEASHELLS,9998,1,,,,FALSE
775900,,,AMETHYSTS,SEASHELLS,9996,1,,,,TRUE
776100,,,AMETHYSTS,SEASHELLS,10004,1,,,,FALSE
776300,,,AMETHYSTS,SEASHELLS,10004,1,,,,TRUE
776400,,,AMETHYSTS,SEASHELLS,9998,1,,,,FALSE
777000,,,AMETHYSTS,SEASHELLS,9998,1,,,,FALSE
777200,,,AMETHYSTS,SEASHELLS,9998,1,,,,FALSE
777300,,,AMETHYSTS,SEASHELLS,9998,1,,,,TRUE
778200,,,AMETHYSTS,SEASHELLS,10004,2,,,,TRUE
778300,,,AMETHYSTS,SEASHELLS,9998,1,,,,FALSE
778500,,,AMETHYSTS,SEASHELLS,9998,1,,,,TRUE
778800,,,AMETHYSTS,SEASHELLS,10002,1,,,,TRUE
778900,,,AMETHYSTS,SEASHELLS,9998,1,,,,TRUE
779000,,,AMETHYSTS,SEASHELLS,10004,1,,,,FALSE
779000,,,AMETHYSTS,SEASHELLS,10004,9,,,,TRUE
779100,,,AMETHYSTS,SEASHELLS,9998,1,,,,FALSE
779700,,,AMETHYSTS,SEASHELLS,9998,1,,,,TRUE
779900,,,AMETHYSTS,SEASHELLS,10005,1,,,,FALSE
779900,,,AMETHYSTS,SEASHELLS,10004,2,,,,FALSE
780100,,,AMETHYSTS,SEASHELLS,10002,1,,,,TRUE
781000,,,AMETHYSTS,SEASHELLS,9996,1,,,,FALSE
781000,,,AMETHYSTS,SEASHELLS,9996,1,,,,TRUE
781100,,,AMETHYSTS,SEASHELLS,10004,1,,,,FALSE
781100,,,AMETHYSTS,SEASHELLS,10004,1,,,,FALSE
781300,,,AMETHYSTS,SEASHELLS,10002,1,,,,TRUE
782200,,,AMETHYSTS,SEASHELLS,9996,1,,,,TRUE
782700,,,AMETHYSTS,SEASHELLS,10004,1,,,,FALSE
783100,,,AMETHYSTS,SEASHELLS,10002,1,,,,TRUE
783500,,,AMETHYSTS,SEASHELLS,9998,1,,,,TRUE
784300,,,AMETHYSTS,SEASHELLS,10002,1,,,,FALSE
784700,,,AMETHYSTS,SEASHELLS,10002,2,,,,TRUE
785300,,,AMETHYSTS,SEASHELLS,9998,1,,,,FALSE
785400,,,AMETHYSTS,SEASHELLS,9998,4,,,,TRUE
785700,,,AMETHYSTS,SEASHELLS,10005,1,,,,TRUE
787000,,,AMETHYSTS,SEASHELLS,9998,6,,,,TRUE
787700,,,AMETHYSTS,SEASHELLS,10002,1,,,,FALSE
787900,,,AMETHYSTS,SEASHELLS,10002,1,,,,FALSE
788300,,,AMETHYSTS,SEASHELLS,10004,1,,,,TRUE
788800,,,AMETHYSTS,SEASHELLS,9998,1,,,,TRUE
788900,,,AMETHYSTS,SEASHELLS,10004,1,,,,TRUE
789500,,,AMETHYSTS,SEASHELLS,9996,2,,,,TRUE
789600,,,AMETHYSTS,SEASHELLS,10004,2,,,,FALSE
790200,,,AMETHYSTS,SEASHELLS,10002,4,,,,FALSE
790500,,,AMETHYSTS,SEASHELLS,10002,3,,,,TRUE
791300,,,AMETHYSTS,SEASHELLS,9998,1,,,,FALSE
791700,,,AMETHYSTS,SEASHELLS,9995,3,,,,TRUE
792100,,,AMETHYSTS,SEASHELLS,10002,2,,,,FALSE
792200,,,AMETHYSTS,SEASHELLS,10002,1,,,,FALSE
792500,,,AMETHYSTS,SEASHELLS,10002,1,,,,TRUE
793300,,,AMETHYSTS,SEASHELLS,9998,1,,,,FALSE
793500,,,AMETHYSTS,SEASHELLS,9996,1,,,,FALSE
793800,,,AMETHYSTS,SEASHELLS,9998,4,,,,FALSE
793800,,,AMETHYSTS,SEASHELLS,9998,8,,,,FALSE
794800,,,AMETHYSTS,SEASHELLS,9998,1,,,,FALSE
795400,,,AMETHYSTS,SEASHELLS,9998,4,,,,FALSE
795400,,,AMETHYSTS,SEASHELLS,9998,2,,,,FALSE
796300,,,AMETHYSTS,SEASHELLS,9996,2,,,,FALSE
796500,,,AMETHYSTS,SEASHELLS,9998,1,,,,FALSE
797100,,,AMETHYSTS,SEASHELLS,9998,1,,,,FALSE
797100,,,AMETHYSTS,SEASHELLS,9998,1,,,,TRUE
797300,,,AMETHYSTS,SEASHELLS,10002,1,,,,FALSE
797900,,,AMETHYSTS,SEASHELLS,10004,1,,,,FALSE
797900,,,AMETHYSTS,SEASHELLS,10004,1,,,,TRUE
798000,,,AMETHYSTS,SEASHELLS,9998,1,,,,TRUE
798100,,,AMETHYSTS,SEASHELLS,10005,1,,,,TRUE
798900,,,AMETHYSTS,SEASHELLS,9998,2,,,,TRUE
799300,,,AMETHYSTS,SEASHELLS,10004,2,,,,TRUE
799500,,,AMETHYSTS,SEASHELLS,10000,6,,,,TRUE
799800,,,AMETHYSTS,SEASHELLS,10004,2,,,,TRUE
800000,,,AMETHYSTS,SEASHELLS,9998,1,,,,TRUE
801000,,,AMETHYSTS,SEASHELLS,10005,10,,,,FALSE
801100,,,AMETHYSTS,SEASHELLS,10005,1,,,,TRUE
801500,,,AMETHYSTS,SEASHELLS,9998,1,,,,FALSE
802200,,,AMETHYSTS,SEASHELLS,9998,1,,,,TRUE
803200,,,AMETHYSTS,SEASHELLS,10004,2,,,,TRUE
803700,,,AMETHYSTS,SEASHELLS,9998,1,,,,FALSE
803900,,,AMETHYSTS,SEASHELLS,9998,4,,,,FALSE
804200,,,AMETHYSTS,SEASHELLS,9998,1,,,,TRUE
804600,,,AMETHYSTS,SEASHELLS,10004,8,,,,FALSE
804600,,,AMETHYSTS,SEASHELLS,10004,1,,,,TRUE
804700,,,AMETHYSTS,SEASHELLS,9996,1,,,,TRUE
804800,,,AMETHYSTS,SEASHELLS,10005,1,,,,FALSE
805000,,,AMETHYSTS,SEASHELLS,10004,1,,,,FALSE
805300,,,AMETHYSTS,SEASHELLS,10002,5,,,,TRUE
805800,,,AMETHYSTS,SEASHELLS,9998,4,,,,TRUE
806500,,,AMETHYSTS,SEASHELLS,10004,1,,,,TRUE
806600,,,AMETHYSTS,SEASHELLS,9998,2,,,,FALSE
807200,,,AMETHYSTS,SEASHELLS,9996,2,,,,FALSE
808500,,,AMETHYSTS,SEASHELLS,9998,4,,,,TRUE
809100,,,AMETHYSTS,SEASHELLS,10005,1,,,,TRUE
810000,,,AMETHYSTS,SEASHELLS,9998,1,,,,TRUE
810500,,,AMETHYSTS,SEASHELLS,10005,4,,,,TRUE
810600,,,AMETHYSTS,SEASHELLS,9995,1,,,,TRUE
810800,,,AMETHYSTS,SEASHELLS,10002,1,,,,TRUE
811200,,,AMETHYSTS,SEASHELLS,9996,1,,,,FALSE
811200,,,AMETHYSTS,SEASHELLS,9996,1,,,,TRUE
811200,,,AMETHYSTS,SEASHELLS,10002,5,,,,FALSE
811500,,,AMETHYSTS,SEASHELLS,10004,1,,,,FALSE
811900,,,AMETHYSTS,SEASHELLS,10004,2,,,,FALSE
811900,,,AMETHYSTS,SEASHELLS,10004,10,,,,FALSE
812500,,,AMETHYSTS,SEASHELLS,10004,1,,,,TRUE
812700,,,AMETHYSTS,SEASHELLS,9998,2,,,,FALSE
812700,,,AMETHYSTS,SEASHELLS,9998,1,,,,TRUE
812900,,,AMETHYSTS,SEASHELLS,10002,1,,,,TRUE
814200,,,AMETHYSTS,SEASHELLS,9995,2,,,,TRUE
814800,,,AMETHYSTS,SEASHELLS,10002,1,,,,FALSE
814800,,,AMETHYSTS,SEASHELLS,10002,4,,,,FALSE
815100,,,AMETHYSTS,SEASHELLS,10005,2,,,,FALSE
815400,,,AMETHYSTS,SEASHELLS,10002,1,,,,FALSE
815400,,,AMETHYSTS,SEASHELLS,10004,2,,,,FALSE
815400,,,AMETHYSTS,SEASHELLS,10004,4,,,,FALSE
815500,,,AMETHYSTS,SEASHELLS,10002,4,,,,FALSE
816100,,,AMETHYSTS,SEASHELLS,10002,1,,,,TRUE
816800,,,AMETHYSTS,SEASHELLS,9998,2,,,,FALSE
819600,,,AMETHYSTS,SEASHELLS,9998,1,,,,TRUE
819900,,,AMETHYSTS,SEASHELLS,10002,1,,,,FALSE
820500,,,AMETHYSTS,SEASHELLS,10004,2,,,,FALSE
820800,,,AMETHYSTS,SEASHELLS,10004,1,,,,FALSE
820800,,,AMETHYSTS,SEASHELLS,10004,1,,,,TRUE
821400,,,AMETHYSTS,SEASHELLS,9998,1,,,,FALSE
821800,,,AMETHYSTS,SEASHELLS,9998,1,,,,FALSE
822300,,,AMETHYSTS,SEASHELLS,9998,1,,,,TRUE
822500,,,AMETHYSTS,SEASHELLS,10002,2,,,,FALSE
823200,,,AMETHYSTS,SEASHELLS,10005,2,,,,TRUE
824200,,,AMETHYSTS,SEASHELLS,9995,11,,,,FALSE
824300,,,AMETHYSTS,SEASHELLS,9995,2,,,,FALSE
824300,,,AMETHYSTS,SEASHELLS,9998,1,,,,TRUE
824800,,,AMETHYSTS,SEASHELLS,10004,2,,,,FALSE
828900,,,AMETHYSTS,SEASHELLS,10004,1,,,,FALSE
829000,,,AMETHYSTS,SEASHELLS,10004,2,,,,TRUE
829300,,,AMETHYSTS,SEASHELLS,9996,1,,,,FALSE
830700,,,AMETHYSTS,SEASHELLS,9998,1,,,,TRUE
830800,,,AMETHYSTS,SEASHELLS,10002,3,,,,FALSE
831200,,,AMETHYSTS,SEASHELLS,10002,1,,,,FALSE
832200,,,AMETHYSTS,SEASHELLS,10002,1,,,,FALSE
832200,,,AMETHYSTS,SEASHELLS,10002,5,,,,TRUE
832700,,,AMETHYSTS,SEASHELLS,9996,1,,,,TRUE
833300,,,AMETHYSTS,SEASHELLS,10002,1,,,,TRUE
833400,,,AMETHYSTS,SEASHELLS,9998,1,,,,FALSE
833700,,,AMETHYSTS,SEASHELLS,9996,2,,,,FALSE
834600,,,AMETHYSTS,SEASHELLS,9995,10,,,,FALSE
834700,,,AMETHYSTS,SEASHELLS,9998,1,,,,FALSE
835200,,,AMETHYSTS,SEASHELLS,9998,2,,,,FALSE
835200,,,AMETHYSTS,SEASHELLS,9998,1,,,,FALSE
835800,,,AMETHYSTS,SEASHELLS,9998,1,,,,FALSE
836500,,,AMETHYSTS,SEASHELLS,9998,1,,,,TRUE
837200,,,AMETHYSTS,SEASHELLS,10002,1,,,,FALSE
838000,,,AMETHYSTS,SEASHELLS,10002,1,,,,TRUE
838800,,,AMETHYSTS,SEASHELLS,9998,1,,,,TRUE
839500,,,AMETHYSTS,SEASHELLS,10004,1,,,,FALSE
840100,,,AMETHYSTS,SEASHELLS,10002,1,,,,FALSE
840300,,,AMETHYSTS,SEASHELLS,10002,1,,,,TRUE
841000,,,AMETHYSTS,SEASHELLS,9998,1,,,,TRUE
841700,,,AMETHYSTS,SEASHELLS,10002,1,,,,TRUE
841800,,,AMETHYSTS,SEASHELLS,9995,2,,,,TRUE
841900,,,AMETHYSTS,SEASHELLS,10005,1,,,,TRUE
842000,,,AMETHYSTS,SEASHELLS,9998,1,,,,FALSE
842300,,,AMETHYSTS,SEASHELLS,9995,2,,,,TRUE
842400,,,AMETHYSTS,SEASHELLS,10004,1,,,,FALSE
842600,,,AMETHYSTS,SEASHELLS,10002,2,,,,FALSE
842800,,,AMETHYSTS,SEASHELLS,10004,2,,,,TRUE
843100,,,AMETHYSTS,SEASHELLS,9998,3,,,,FALSE
843200,,,AMETHYSTS,SEASHELLS,9995,2,,,,FALSE
843700,,,AMETHYSTS,SEASHELLS,9995,2,,,,TRUE
844800,,,AMETHYSTS,SEASHELLS,10002,5,,,,TRUE
844900,,,AMETHYSTS,SEASHELLS,9998,1,,,,TRUE
845100,,,AMETHYSTS,SEASHELLS,10005,7,,,,FALSE
845300,,,AMETHYSTS,SEASHELLS,10002,1,,,,FALSE
845400,,,AMETHYSTS,SEASHELLS,10005,2,,,,FALSE
846600,,,AMETHYSTS,SEASHELLS,10002,3,,,,FALSE
846600,,,AMETHYSTS,SEASHELLS,10002,1,,,,FALSE
846700,,,AMETHYSTS,SEASHELLS,10004,6,,,,FALSE
846700,,,AMETHYSTS,SEASHELLS,10004,2,,,,FALSE
846800,,,AMETHYSTS,SEASHELLS,10002,5,,,,TRUE
847200,,,AMETHYSTS,SEASHELLS,10000,2,,,,TRUE
847300,,,AMETHYSTS,SEASHELLS,10004,2,,,,FALSE
847300,,,AMETHYSTS,SEASHELLS,10004,2,,,,TRUE
847600,,,AMETHYSTS,SEASHELLS,9998,7,,,,FALSE
847600,,,AMETHYSTS,SEASHELLS,9996,1,,,,FALSE
847900,,,AMETHYSTS,SEASHELLS,9998,1,,,,FALSE
848400,,,AMETHYSTS,SEASHELLS,9998,1,,,,TRUE
848800,,,AMETHYSTS,SEASHELLS,10002,1,,,,TRUE
848900,,,AMETHYSTS,SEASHELLS,9998,6,,,,TRUE
849300,,,AMETHYSTS,SEASHELLS,10002,1,,,,FALSE
849800,,,AMETHYSTS,SEASHELLS,10002,4,,,,FALSE
850000,,,AMETHYSTS,SEASHELLS,10005,1,,,,TRUE
850600,,,AMETHYSTS,SEASHELLS,9998,1,,,,TRUE
851600,,,AMETHYSTS,SEASHELLS,10004,2,,,,FALSE
851800,,,AMETHYSTS,SEASHELLS,10005,2,,,,FALSE
851900,,,AMETHYSTS,SEASHELLS,10005,2,,,,TRUE
852100,,,AMETHYSTS,SEASHELLS,9996,2,,,,FALSE
852300,,,AMETHYSTS,SEASHELLS,9996,6,,,,FALSE
852300,,,AMETHYSTS,SEASHELLS,9996,2,,,,FALSE
852400,,,AMETHYSTS,SEASHELLS,9998,2,,,,TRUE
852900,,,AMETHYSTS,SEASHELLS,10002,1,,,,TRUE
854200,,,AMETHYSTS,SEASHELLS,9998,1,,,,FALSE
854200,,,AMETHYSTS,SEASHELLS,9995,10,,,,FALSE
854200,,,AMETHYSTS,SEASHELLS,9998,4,,,,TRUE
854300,,,AMETHYSTS,SEASHELLS,10005,1,,,,FALSE
855200,,,AMETHYSTS,SEASHELLS,10002,2,,,,FALSE
856700,,,AMETHYSTS,SEASHELLS,10002,1,,,,FALSE
856700,,,AMETHYSTS,SEASHELLS,10002,1,,,,FALSE
856800,,,AMETHYSTS,SEASHELLS,10005,11,,,,TRUE
857200,,,AMETHYSTS,SEASHELLS,9996,1,,,,FALSE
857200,,,AMETHYSTS,SEASHELLS,9996,1,,,,FALSE
857800,,,AMETHYSTS,SEASHELLS,9996,1,,,,FALSE
857800,,,AMETHYSTS,SEASHELLS,9996,11,,,,FALSE
858300,,,AMETHYSTS,SEASHELLS,9998,3,,,,FALSE
858300,,,AMETHYSTS,SEASHELLS,9998,1,,,,TRUE
858400,,,AMETHYSTS,SEASHELLS,10002,1,,,,TRUE
858800,,,AMETHYSTS,SEASHELLS,9995,1,,,,TRUE
859500,,,AMETHYSTS,SEASHELLS,10002,6,,,,FALSE
859600,,,AMETHYSTS,SEASHELLS,10004,2,,,,TRUE
860200,,,AMETHYSTS,SEASHELLS,9998,3,,,,FALSE
860400,,,AMETHYSTS,SEASHELLS,9998,1,,,,FALSE
860500,,,AMETHYSTS,SEASHELLS,9998,1,,,,FALSE
860600,,,AMETHYSTS,SEASHELLS,9996,1,,,,FALSE
860800,,,AMETHYSTS,SEASHELLS,9998,6,,,,TRUE
860900,,,AMETHYSTS,SEASHELLS,10002,1,,,,FALSE
861500,,,AMETHYSTS,SEASHELLS,10004,1,,,,FALSE
861600,,,AMETHYSTS,SEASHELLS,10002,1,,,,FALSE
861600,,,AMETHYSTS,SEASHELLS,10002,3,,,,FALSE
861900,,,AMETHYSTS,SEASHELLS,10002,1,,,,FALSE
861900,,,AMETHYSTS,SEASHELLS,10005,12,,,,FALSE
862000,,,AMETHYSTS,SEASHELLS,10004,2,,,,FALSE
863000,,,AMETHYSTS,SEASHELLS,10002,1,,,,FALSE
863100,,,AMETHYSTS,SEASHELLS,10002,1,,,,TRUE
863300,,,AMETHYSTS,SEASHELLS,9998,1,,,,TRUE
863800,,,AMETHYSTS,SEASHELLS,10004,1,,,,TRUE
865900,,,AMETHYSTS,SEASHELLS,9998,1,,,,FALSE
866700,,,AMETHYSTS,SEASHELLS,9998,1,,,,FALSE
866900,,,AMETHYSTS,SEASHELLS,9998,1,,,,TRUE
867200,,,AMETHYSTS,SEASHELLS,10002,1,,,,FALSE
867500,,,AMETHYSTS,SEASHELLS,10002,1,,,,TRUE
867600,,,AMETHYSTS,SEASHELLS,9998,7,,,,TRUE
867700,,,AMETHYSTS,SEASHELLS,10002,1,,,,FALSE
868100,,,AMETHYSTS,SEASHELLS,10002,1,,,,FALSE
869100,,,AMETHYSTS,SEASHELLS,10002,1,,,,TRUE
869700,,,AMETHYSTS,SEASHELLS,9998,1,,,,TRUE
870500,,,AMETHYSTS,SEASHELLS,10002,1,,,,FALSE
870700,,,AMETHYSTS,SEASHELLS,10002,5,,,,FALSE
870700,,,AMETHYSTS,SEASHELLS,10002,3,,,,TRUE
870900,,,AMETHYSTS,SEASHELLS,9996,1,,,,TRUE
871100,,,AMETHYSTS,SEASHELLS,10002,3,,,,TRUE
871300,,,AMETHYSTS,SEASHELLS,9995,4,,,,TRUE
871500,,,AMETHYSTS,SEASHELLS,10005,6,,,,TRUE
871700,,,AMETHYSTS,SEASHELLS,9998,1,,,,TRUE
871800,,,AMETHYSTS,SEASHELLS,10002,1,,,,TRUE
872000,,,AMETHYSTS,SEASHELLS,9995,2,,,,FALSE
872100,,,AMETHYSTS,SEASHELLS,9996,1,,,,FALSE
872100,,,AMETHYSTS,SEASHELLS,9996,1,,,,TRUE
872300,,,AMETHYSTS,SEASHELLS,10002,1,,,,FALSE
873200,,,AMETHYSTS,SEASHELLS,10002,1,,,,FALSE
873500,,,AMETHYSTS,SEASHELLS,10002,1,,,,TRUE
873700,,,AMETHYSTS,SEASHELLS,9998,1,,,,FALSE
874000,,,AMETHYSTS,SEASHELLS,9998,3,,,,TRUE
875300,,,AMETHYSTS,SEASHELLS,10002,1,,,,TRUE
875700,,,AMETHYSTS,SEASHELLS,9998,1,,,,TRUE
875900,,,AMETHYSTS,SEASHELLS,10002,5,,,,FALSE
876400,,,AMETHYSTS,SEASHELLS,10002,1,,,,FALSE
877900,,,AMETHYSTS,SEASHELLS,10002,1,,,,FALSE
878000,,,AMETHYSTS,SEASHELLS,10002,3,,,,FALSE
879300,,,AMETHYSTS,SEASHELLS,10002,1,,,,TRUE
880600,,,AMETHYSTS,SEASHELLS,9998,1,,,,FALSE
880600,,,AMETHYSTS,SEASHELLS,9996,1,,,,FALSE
880600,,,AMETHYSTS,SEASHELLS,9996,1,,,,TRUE
880900,,,AMETHYSTS,SEASHELLS,10002,6,,,,FALSE
882300,,,AMETHYSTS,SEASHELLS,10002,1,,,,TRUE
883000,,,AMETHYSTS,SEASHELLS,9998,1,,,,TRUE
